1843 3071
652 752 1138 800 PRAEFATIO.

332 1302 552 1350 Neminem,
584 1302 650 1352 qui
679 1303 739 1340 vel
773 1301 997 1353 primoribus
1033 1301 1148 1340 labris
1179 1302 1367 1341 Lucianea
1402 1303 1490 1342 at'ti-

279 1385 388 1438 gerit,
413 1385 513 1438 fugit
543 1399 655 1436 quam
680 1384 931 1438 discrepantes
956 1388 994 1424 et
1018 1385 1222 1425 contrariae
1239 1386 1316 1425 sint
1330 1386 1496 1427 virorum

278 1471 469 1512 doctorum
492 1471 539 1510 de
562 1472 675 1523 hujus
708 1471 898 1523 scriptoris
925 1471 1081 1523 ingenio
1101 1471 1320 1512 sententiae.
1351 1472 1495 1512 Sufficit

276 1557 526 1597 recensionem
555 1572 576 1597 a
605 1556 743 1596 Jacobo
760 1558 786 1608 ¹)
816 1556 1029 1596 institutam
1056 1556 1204 1608 legisse,
1227 1561 1271 1596 ut
1295 1571 1491 1609 cognosca-

275 1647 339 1682 tur
389 1643 478 1682 inde
524 1657 545 1681 a
586 1642 783 1682 Lactantio
825 1655 945 1693 usque
987 1642 1035 1681 ad
1063 1646 1228 1681 nostram
1257 1646 1417 1682 aetatem
1444 1643 1491 1682 de

275 1728 382 1768 illius
409 1729 553 1768 meritis
580 1728 772 1779 utrimque
801 1727 919 1779 quasi*
940 1728 987 1767 de
1014 1727 1179 1767 Patrocli
1208 1742 1358 1780 corpore
1391 1743 1489 1769 acer-

275 1813 367 1854 rime
410 1817 619 1868 pugnatum
652 1827 740 1853 esse.
798 1813 936 1864 Neque
964 1812 1004 1852 id
1037 1813 1259 1855 mirandum.
1303 1815 1492 1855 Lucianus

276 1901 377 1939 enim
408 1914 493 1939 cum
525 1899 749 1950 religionem
781 1899 1000 1950 popularem
1028 1899 1238 1950 saepissime
1266 1900 1379 1949 lusit,
1409 1904 1492 1939 tum

275 1985 388 2026 etiam
426 1984 473 2024 de
519 1984 667 2024 Socrate
682 1977 688 1980 ’
705 1996 823 2035 aeque
850 1987 892 2022 ac
920 1982 966 2022 de
999 1982 1147 2022 Christo
1180 1984 1335 2037 ejusque
1371 1989 1487 2026 secta-

273 2070 438 2119 toribus,
481 2082 613 2121 parum
648 2068 844 2120 magnifice
882 2068 1093 2120 judicavit;
1135 2083 1329 2121 nunquam
1371 2071 1491 2123 igitur

272 2158 492 2207 defuerunt,
542 2154 608 2207 qui
658 2154 846 2207 indignati
898 2154 999 2206 quod
1041 2155 1269 2195 sanctissima
1320 2170 1489 2209 quaeque

315 2378 346 2414 1)
369 2373 603 2406 Charakwristik
638 2373 762 2402 Lucians
797 2381 856 2402 von
896 2373 1045 2403 Samosata
1084 2382 1141 2403 von
1180 2373 1250 2403 Karl
1269 2374 1365 2412 Georg
1387 2375 1490 2407 Jacob.

211 2457 213 2459 ·
274 2441 448 2479 Hamburg,
468 2439 515 2470 bei
539 2439 589 2470 Fr.
617 2437 752 2469 Parthen.
776 2438 871 2469 1882.
891 2447 959 2477 pag.
987 2438 1103 2471 3-17.

1304 2499 1325 2536 1
