1843 3071
922 272 973 309 32

336 407 446 459 cipue
483 407 524 446 id
572 409 690 463 egisse
735 412 780 448 ut
813 413 930 448 sectas
962 410 1266 463 philosophorum
1298 410 1493 458 velliosret
1519 418 1557 453 et

335 494 604 536 demonstraret
646 495 747 536 vitae
789 494 952 548 spatium
993 508 1070 535 non
1112 495 1300 546 sufficere,
1343 500 1389 539 ut
1427 510 1475 538 ex
1500 501 1559 539 tot

335 579 516 619 doctrinis
560 592 648 619 vera
686 578 780 631 eligi
809 579 949 633 posdt,
978 579 1033 619 ita
1059 581 1300 622 manifestum
1330 595 1408 622 esse
1441 585 1557 636 puto,

336 665 555 718 scriptorem
582 665 625 705 in
651 665 789 707 ultima
815 665 959 719 dialogi
983 670 1090 721 parte
1117 680 1231 720 quam
1247 667 1396 709 inanem
1411 681 1558 709 omnem

335 752 610 806 philosophiam
655 751 809 792 duceret
848 756 977 806 aperte
1016 751 1252 806 significasse.
1308 753 1438 806 Negat
1469 752 1556 794 'ral-

334 839 479 889 botius,
495 841 523 892 ¹)
555 839 623 891 qui
646 839 878 880 Ecleeticum
903 839 1017 880 illum
1043 840 1159 880 fuisse
1185 840 1299 881 efficit
1326 854 1372 881 ex
1389 854 1469 895 cap.
1492 841 1557 889 52,

337 926 405 966 uhi
463 925 634 966 Lucinas
679 929 794 977 negat
832 939 871 965 se
913 924 1051 966 dixisse
1096 925 1144 966 de
1182 926 1285 967 omni
1327 926 1561 981 philosophia

335 1008 608 1061 desperandum
635 1022 734 1058 esse,
764 1012 804 1048 et
837 1021 883 1048 ex
910 1022 990 1061 cap.
1022 1010 1073 1048 64
1084 1038 1097 1058 ,
1125 1008 1194 1048 ubi
1216 1013 1343 1049 monet
1375 1009 1423 1049 ad
1436 1009 1558 1050 diver-

336 1108 394 1133 sas
434 1092 650 1146 disciplinas
694 1091 796 1132 inter
842 1106 881 1132 se
926 1091 1183 1145 dijudicandas
1219 1106 1302 1134 acre
1350 1097 1389 1134 et
1417 1093 1559 1136 subtile

337 1179 533 1233 ingenium
562 1180 724 1234 requiri;
754 1179 821 1220 sed
844 1179 887 1220 in
914 1192 1087 1229 errorem,
1116 1183 1161 1220 ut
1188 1179 1282 1220 mihi
1310 1179 1473 1231 videtur,
1503 1184 1559 1221 est

336 1265 516 1306 inductus
545 1280 588 1305 eo
617 1266 719 1317 quod
742 1280 819 1305 non
837 1265 928 1305 satis
955 1265 1130 1323 attendit,
1149 1265 1339 1306 Lucinum
1356 1266 1416 1307 his
1434 1266 1558 1307 verbis

337 1351 397 1391 uti
428 1352 471 1391 in
501 1365 544 1391 ea
572 1350 838 1405 disputationis
869 1353 997 1404 parte,
1028 1363 1103 1402 qua
1130 1362 1225 1402 quae
1251 1349 1492 1403 postulentur
1519 1348 1558 1389 in

340 1450 383 1476 eo
394 1467 406 1486 ‚
435 1436 503 1488 qui
548 1449 674 1475 veram
720 1435 996 1488 philosophiam
1026 1435 1199 1474 invenire
1230 1435 1461 1489 propositum
1488 1435 1561 1475 sibi

338 1522 493 1572 habeat,
536 1520 712 1562 declarat.
769 1520 816 1560 In
861 1519 909 1560 iis
951 1520 1052 1561 enim
1085 1534 1182 1573 quae
1228 1520 1364 1561 deinde
1395 1520 1563 1574 disputat

339 1606 507 1646 Lucinus
534 1596 785 1645 demonstrare
808 1604 1051 1656 aggreditur,
1077 1589 1158 1645 fieri
1181 1619 1286 1659 posse
1313 1608 1359 1645 ut
1375 1619 1463 1645 vera
1476 1605 1559 1659 phi-

339 1691 507 1745 losophia
520 1691 688 1731 nondum
702 1691 753 1731 sit
766 1692 921 1732 inventa
941 1695 980 1731 et
993 1691 1228 1732 Hermotimo
1246 1690 1385 1733 iterum
1397 1690 1560 1744 roganti,

341 1780 471 1816 utrum
521 1776 569 1816 de
609 1776 844 1830 philosophia
886 1776 1157 1831 desperandum
1204 1777 1254 1816 sit
1296 1789 1433 1825 neone,
1462 1775 1561 1816 nihil

342 1863 540 1917 respondet
571 1863 666 1916 (cap.
693 1863 776 1913 67).
834 1862 958 1903 Nemo
984 1867 1132 1912 autem,
1160 1862 1305 1914 opinor,
1334 1861 1377 1901 in
1399 1860 1563 1901 Talbotii

388 2102 418 2139 1)
443 2101 575 2131 Oeuvres
606 2099 767 2140 completos
795 2100 832 2130 do
852 2100 964 2131 Lucien
985 2099 1021 2130 de
1042 2100 1215 2136 Samosata,
1236 2098 1406 2131 trsduction
1427 2101 1564 2131 nouvelle

343 2176 397 2206 par
417 2164 539 2205 Eugano
557 2165 676 2196 Talbot.
696 2165 782 2195 Parin
802 2164 873 2195 chez
893 2164 928 2195 L.
951 2164 1101 2195 Hoehette
1121 2166 1153 2195 et
1174 2163 1215 2195 C⁰
1238 2164 1333 2198 1857.
1355 2164 1564 2195 Introduction

342 2234 373 2263 et
395 2232 502 2263 Notiee
523 2242 553 2272 p.
565 2232 646 2263 VII:
672 2232 724 2269 „Si
742 2231 775 2270 je
795 2241 833 2262 ne
853 2231 984 2262 m'abuse
1006 2240 1058 2262 sur
1077 2231 1106 2262 le
1130 2241 1196 2262 sens
1208 2230 1279 2262 d’un
1290 2241 1411 2271 passage
1421 2231 1461 2261 du
1473 2228 1564 2261 tnit6

345 2318 360 2335 ,,
372 2296 494 2327 intitul&
514 2297 738 2333 Hermotimus,
761 2296 784 2326 il
805 2305 852 2326 me
872 2295 983 2326 semble
1005 2305 1062 2335 que
1086 2295 1209 2332 anien,
1229 2294 1292 2325 loin
1313 2294 1349 2324 de
1359 2303 1390 2324 se
1400 2293 1564 2324 rensemer

346 2379 361 2396 ι
374 2364 445 2393 dans
465 2364 495 2393 le
516 2363 700 2403 seepticisme
721 2362 857 2399 exclusis,
880 2362 957 2401 qu’il
977 2364 1022 2392 est
1043 2362 1078 2392 de
1099 2360 1244 2392 tradition
1265 2359 1301 2389 de
1321 2359 1367 2389 lui
1387 2357 1564 2398 reprocher,

347 2443 362 2461 ι,
377 2425 491 2457 ᾱὲσὶιη
519 2437 589 2458 avec
614 2437 672 2457 uno
692 2424 835 2457 sine6rit6
856 2426 984 2467 parraite
995 2448 1004 2463 ,
1025 2425 1100 2465 qu'il
1122 2426 1168 2455 est
1188 2422 1399 2455 asrieusement
1418 2432 1455 2453 en
1477 2422 1564 2463 quate

345 2513 360 2530 „
376 2492 411 2522 de
431 2493 460 2522 la
482 2491 579 2523 verite?
600 2492 857 2541 philosophique!
