1843 3071
905 208 927 244 9

284 347 520 399 dereliquit,
554 351 598 387 ut
626 358 711 388 oum
730 346 891 400 Dialogo
910 348 1134 388 consortium
1148 348 1272 388 iniret.
1281 355 1301 378 ΙΙ
1337 350 1526 390 Lucianus

306 440 350 475 ut
383 435 551 474 concedit
583 434 818 474 Rhetoricam
855 448 942 473 vera
969 435 1058 473 haec
1092 434 1240 484 dixisse,
1275 437 1329 474 ita
1356 441 1469 489 negat
1488 452 1526 478 se

294 532 381 560 ‘non
409 520 559 561 idoneas
580 520 631 562 ob
662 534 789 561 causas
816 520 922 560 illam
950 519 1204 573 dereliquisse,
1230 523 1370 577 quippe
1389 538 1484 576 quae
1505 539 1527 565 a

305 608 462 659 >pristina
489 609 589 646 vitae
621 608 861 659 simplicitate
891 608 1066 646 recedens
1091 610 1169 660 jam
1196 611 1405 649 meretricio
1423 625 1525 651 more

304 690 419 731 vivat.
449 692 608 741 Καίτοι,
631 690 700 742 (ita
720 688 858 743 pergit)
881 694 915 731 εἰ
934 693 998 732 καὶ
1017 692 1139 744 μηδὲν
1152 695 1252 746 αὐτῇ
1266 700 1415 736 τοιοῦτο
1430 698 1523 737 ἔπε’-

304 793 476 830 πρακτο,
516 776 642 823 καλῶς
678 754 755 829 εἶχε
791 792 856 827 μοι
890 776 1003 828 ἀνδρὶ
1047 777 1120 828 ἤδη
1149 784 1433 830 τετταράκοντα
1454 783 1522 832 ἔτη

304 862 439 914 σχεδὸν
488 865 692 910 γεγονότι,
739 863 918 912 θορύβων
965 865 1037 911 μὲν
1086 864 1243 903 ἐκείνων
1289 867 1355 903 καὶ
1403 866 1522 906 δικῶν

302 943 557 995 ’ἀπηλλάχθαι
574 973 586 991 ,
616 946 681 983 καὶ
719 945 808 989 τούς
839 943 989 994 ἄνδρας
1017 946 1105 990 τούς
1134 944 1317 991 δικαστὰς
1343 947 1519 998 οἷτρεμεῖν

304 1031 372 1067 ἐᾶν
389 1056 400 1074 ,
458 1029 659 1077 τυράννων
715 1026 965 1076 κατηγορίας
996 1027 1062 1065 καὶ
1106 1026 1291 1075 ἀριστέων
1338 1029 1522 1074 ἐπαίνους

305 1113 549 1161 ἐκφυγόντα,
589 1113 627 1156 ἐς
674 1110 716 1149 δὲ
756 1112 826 1159 τὴν
870 1109 1125 1159 Ἀκαδημίαν
1157 1114 1182 1159 ἤ
1214 1111 1251 1153 ἐς
1282 1111 1326 1148 τό
1352 1115 1520 1151 Λυκεῒον

304 1195 474 1236 ἐλθόντα
517 1198 570 1245 τῷ
619 1193 806 1245 βελτίστῳ
848 1199 972 1243 τούτῳ
1017 1191 1199 1243 Διαλόγῳ
1220 1200 1520 1245 συμπεριπατεῖν
1589 1192 1591 1195 ’

301 1281 421 1330 ἠρέμα
464 1278 855 1328 συνδιαλεγομένους,
899 1279 978 1316 τῶν
1012 1278 1183 1316 ἐπαίνων
1210 1279 1275 1316 καὶ
1302 1282 1447 1327 κρότων
1475 1280 1519 1318 οὐ

302 1362 517 1413 δεομένους.
546 1360 642 1399 Inde
671 1359 763 1398 effici
791 1362 924 1410 potest,
946 1358 1280 1409 quadragenarium
1298 1358 1520 1408 Lucianum,

300 1448 422 1488 missis
466 1445 658 1485 rhetoricis
700 1448 738 1484 et
774 1442 981 1496 sophisticis
1006 1443 1162 1493 studiis,
1196 1444 1521 1485 comico-satiricos

301 1532 468 1583 dialogos
495 1531 652 1578 seribere
678 1529 886 1569 instituisse
915 1530 1023 1581 (conf.
1051 1544 1129 1581 cap.
1156 1531 1238 1580 34.)
1282 1531 1377 1570 Sunt
1396 1536 1520 1571 tamen

302 1618 368 1669 qui
413 1622 652 1668 provocantes
688 1615 736 1652 ad
773 1601 897 1653 locuni
928 1616 1131 1653 piscatoris
1158 1628 1237 1666 cap.
1272 1617 1321 1653 29
1356 1620 1493 1667 putant
1506 1647 1518 1664 ‚

300 1700 510 1742 Lucianum
527 1699 569 1739 in
588 1697 834 1739 adolescentia
852 1697 956 1750 prius
971 1697 1174 1738 rhetoricae
1193 1711 1340 1751 operam
1359 1698 1519 1750 dedisse,

302 1787 390 1826 inde
418 1787 568 1841 demum
594 1784 794 1836 sophistam
823 1797 899 1822 esse
926 1783 1078 1832 factum,
1102 1798 1219 1835 quum
1236 1788 1387 1836 propter
1403 1786 1520 1824 malas

300 1866 488 1912 oratorum
515 1875 611 1909 artes
625 1870 768 1921 judicia
794 1870 1007 1920 reliquisset
1027 1871 1071 1920 ¹).
1129 1871 1252 1909 Verba
1281 1871 1372 1910 haee
1401 1877 1515 1911 sunt:

302 1957 376 2007 ἐγὼ
410 1952 496 2008 ’γὰρ
544 1955 673 2005 ἐπειδὴ
709 1959 872 2008 τάχιστα
906 1954 1083 1995 συνεῖδον
1113 1958 1236 1995 ὁπόσα
1278 1960 1356 2002 τοῖς
1401 1959 1514 2008 ῥητο-

260 2063 263 2066 -
299 2044 447 2091 ρεύουσι
490 2041 539 2077 τὰ
565 2038 723 2089 δυσχερῆ
755 2038 971 2083 ἀναγκαῖον
1009 2042 1207 2086 προσεῖναι
1224 2066 1236 2084 ,
1268 2039 1422 2086 ἀπάτην
1451 2041 1516 2076 καὶ

298 2124 441 2176 ψεῦδος
484 2124 550 2162 καὶ
593 2125 830 2173 θρασῦτητα
852 2122 918 2161 καὶ
962 2123 1058 2173 βοὴν
1097 2123 1163 2161 καὶ
1206 2121 1399 2173 ὠθισμοῦς
1448 2124 1513 2162 καὶ

342 2351 372 2388 1)
404 2349 453 2381 Cf.
488 2349 525 2379 A.
558 2348 640 2379 Meas
654 2371 661 2383 ‚
699 2346 875 2377 Dissertatio
908 2346 943 2375 de
964 2345 1087 2376 Lueiani
1109 2346 1214 2376 studiis
1237 2347 1267 2375 et
1288 2346 1408 2385 scriptis
1429 2345 1513 2384 juve-

298 2413 419 2444 nilibus.
444 2413 537 2444 1841.
560 2422 626 2452 pag.
651 2412 701 2443 19.
