1843 3071
987 234 1062 271 12·

390 367 542 419 ingenio
558 372 596 408 et
612 369 866 409 adumbrando
881 370 1089 410 charactere
1104 385 1214 424 opera
1228 376 1304 413 tam
1324 378 1490 428 tempore
1505 390 1614 427 quam

390 460 609 506 argumento
628 459 665 495 et
681 455 835 495 consilio
853 459 1002 495 tantum
1016 456 1115 495 inter
1134 471 1173 497 se
1200 457 1379 498 distantia
1393 473 1468 499 non
1488 460 1616 501 eadem

388 542 533 583 trutina
561 555 638 582 esse
665 542 914 596 ponderanda.
972 542 1087 584 Recte
1115 545 1263 585 monuit
1290 545 1529 587 Hermannus
1556 549 1583 601 Ι)
1599 580 1611 600 ‚

388 629 429 668 in
450 613 630 669 ⁴Lueiani
672 630 952 670 characterismo
998 631 1131 671 senilia
1159 631 1233 672 viri
1262 632 1398 685 scripta
1427 637 1465 672 et
1493 633 1614 674 multo

388 713 507 765 magis
530 714 717 766 juvenilia
742 715 814 754 nisi
840 729 947 761 „cum
962 729 1078 767 grano
1092 716 1199 755 salis‘
1218 716 1386 757 adhiberi
1400 731 1475 756 non
1492 731 1610 771 posse,

390 800 530 852 quippe
560 814 656 851 quae
692 815 819 840 veram
850 802 1031 841 Lucianei
1059 803 1206 854 ingenii
1238 804 1399 855 effigiem
1412 804 1612 845 admodum

388 901 469 927 raro
505 887 715 929 ostendant.
774 888 856 928 Nec
890 888 1051 929 mirum:
1080 888 1244 941 sophista
1271 889 1371 929 enim
1394 903 1482 943 prae
1501 890 1611 930 bene-

387 972 574 1010 volentiae
606 973 811 1025 captandae
843 973 969 1011 studio
1001 986 1109 1025 saepe
1141 973 1253 1011 verba
1281 978 1319 1012 et
1338 975 1541 1013 sententias
1565 975 1613 1013 ad

387 1057 601 1098 auditorum
641 1062 784 1099 mentes
827 1063 865 1098 et
908 1058 1123 1098 voluntates
1160 1057 1432 1098 accommodare
1466 1058 1610 1099 debuit.

388 1139 547 1179 Maximi
579 1154 667 1180 vero
700 1141 878 1180 momenti
915 1147 1004 1180 sunt
1041 1140 1183 1192 dialogi
1212 1140 1511 1180 comico-satirici
1524 1171 1536 1189 ‚
1570 1140 1612 1180 in

391 1225 528 1275 quibus
558 1226 650 1276 quid
679 1226 725 1264 de
759 1226 870 1265 rebus
903 1226 1041 1265 divinis
1067 1230 1105 1264 et
1132 1225 1304 1264 humanis
1331 1225 1403 1277 ipsi
1422 1225 1614 1264 videretur

389 1310 506 1350 libere
539 1311 709 1351 elooutus
737 1316 804 1352 est.

443 1394 517 1434 His
567 1395 832 1435 animadversis
875 1395 1176 1448 disquisitionem
1218 1399 1383 1434 nostram
1410 1394 1467 1433 ita
1499 1395 1607 1434 insti-

386 1484 493 1518 tuere
535 1480 768 1531 propositum
796 1485 875 1529 est,
905 1485 950 1519 ut
983 1480 1076 1531 quid
1108 1480 1298 1519 Lucianus
1322 1493 1389 1532 per
1422 1483 1498 1517 tres
1525 1479 1611 1518 illas

386 1563 486 1603 vitae
519 1563 690 1617 periodos
713 1563 759 1604 de
789 1563 1023 1619 philosophia
1053 1568 1091 1604 et
1119 1563 1165 1604 de
1189 1563 1419 1618 philosophis
1439 1564 1612 1604 statuerit

387 1647 517 1686 ordine
551 1662 790 1702 exponamus,

433 1842 463 1880 1)
498 1842 662 1874 Hermann.
684 1842 738 1873 1.1.
760 1853 788 1882 p.
813 1842 895 1872 210:
932 1842 996 1878 „Ob
1020 1842 1080 1872 und
1101 1851 1159 1871 was
1185 1842 1236 1872 fur
1257 1844 1374 1872 amere
1396 1842 1558 1872 Umatande
1580 1843 1612 1872 in

387 1908 484 1938 diesen
519 1908 631 1938 salu-en
656 1910 721 1947 (per
741 1908 880 1938 ultimam
901 1908 981 1937 vitae
1009 1908 1136 1947 partem)
1160 1907 1216 1938 den
1238 1907 1331 1938 freien
1353 1908 1414 1946 flug
1434 1893 1486 1937 des
1508 1907 1615 1938 Adlers

387 1971 494 2001 wieder
526 1980 580 2001 zur
612 1971 691 2001 Erde
713 1970 907 2009 niederzogen
929 1970 972 1999 ist
993 1970 1189 2006 unbekannt3
1212 1978 1244 1998 so
1265 1969 1325 1999 viel
1345 1968 1415 1998 aber
1436 1970 1478 1998 ist
1498 1968 1614 2006 sicher,

387 2037 451 2067 dass
487 2036 566 2067 «liene
598 2035 750 2067 Schriften
782 2044 839 2065 nur
871 2045 936 2066 oum
967 2045 1066 2074 qrano
1102 2034 1182 2066 salit
1203 2044 1257 2065 zur
1279 2033 1515 2065 ehmkteristik
1536 2033 1614 2064 ihren

388 2103 539 2133 Urhebers
576 2102 737 2141 gebraueht
775 2101 888 2131 werden
924 2101 1057 2133 konnen.
1112 2100 1198 2132 Noch
1233 2100 1336 2131 mehr.
1353 2100 1424 2130 aber
1442 2100 1500 2139 gilt
1523 2100 1614 2131 diese-

386 2178 445 2198 von
472 2168 523 2198 der
554 2167 693 2208 ungleich
730 2169 867 2206 grossern
895 2165 968 2197 zahl
991 2166 1075 2196 derel·
1088 2187 1098 2202 ,
1119 2165 1166 2195 die
1189 2165 1245 2196 wir
1269 2165 1370 2195 seinen
1391 2163 1614 2204 Jugendjahren

387 2234 447 2264 und
479 2234 531 2264 der
563 2233 631 2263 Zeit
662 2242 714 2263 vor
741 2232 844 2271 jenem
874 2231 982 2262 vorhin
1015 2230 1221 2261 bezeichneten
1247 2230 1383 2261 Normal-
1404 2229 1466 2260 und
1486 2228 1611 2260 Wende-

387 2298 495 2336 puncte
518 2294 662 2327 zuweisen
688 2297 823 2326 massan«
850 2303 880 2325 u.
903 2304 927 2324 s.
950 2302 988 2324 w.
