1843 3071
958 245 1010 281 46

366 392 440 440 ἔφη
455 419 467 438 ,
511 386 601 426 ἄλλ’
640 386 693 431 ὥς
739 386 885 424 πάντα.
929 381 956 422 i.
998 395 1030 422 e.
1059 386 1104 422 ut
1136 385 1286 423 aeterna
1315 387 1405 424 sunt
1432 385 1581 435 omnia,

366 486 463 526 quae
490 485 511 511 e
547 466 702 509 materia
728 447 819 506 sunt
850 465 1021 506 conflata.

418 557 467 596 In
511 555 706 594 beatorum
747 551 894 591 insulae
931 550 1180 604 descriptione
1216 552 1335 594 tacete
1375 553 1475 594 ridet
1501 567 1581 604 eos,

362 642 430 695 qui
457 640 504 680 de
531 642 632 679 statu
658 636 853 677 hominum
878 640 963 690 post
988 640 1145 677 mortem
1158 641 1258 678 certa
1271 638 1472 680 docerent:
1497 640 1535 680 V
1528 654 1581 681 er.

363 727 464 766 Hist.
491 723 560 764 lib.
586 722 643 773 H,
672 735 753 774 cap.
785 723 859 761 12:
893 722 1059 773 Ἐσθῆτι
1091 722 1133 763 δὲ
1166 725 1351 775 χρῶνται,
1380 725 1583 776 ἀραχνίοις

363 813 518 858 λεπτοῖς
533 842 545 861 ,
574 813 798 862 πορφυροῖς.
825 809 938 849 αὐτοὶ
966 808 1009 849 δὲ
1033 810 1191 860 σώματα
1215 812 1288 861 μὲν
1313 811 1382 851 οὐκ
1412 812 1581 864 ἔχουσιν,

360 898 450 947 ἀλλ’
493 898 659 945 ἀναφεῖς
691 897 757 934 καὶ
805 895 971 945 ἄσαρκοί
1008 897 1106 943 εἶσι,
1132 899 1284 946 μορφὴν
1315 897 1444 937 δὲκαὶ
1472 898 1582 939 ἰδέαν

359 985 484 1035 μόνην
536 981 768 1031 ἐμφαίνουσι
783 1009 796 1028 ,
837 980 903 1018 καὶ
948 978 1146 1030 ἀσώματοι
1198 983 1308 1027 ὄντες
1363 983 1465 1033 ὅμως
1512 981 1581 1025 οὖν

358 1071 561 1110 συνεστᾶσι
613 1068 679 1106 καὶ
736 1067 940 1106 κινοῦνται
982 1066 1048 1105 καὶ
1104 1069 1284 1117 φρονοῦσι
1333 1069 1400 1107 καὶ
1447 1071 1581 1119 φωνὴν

360 1158 504 1206 ἀφιᾶσι
536 1171 574 1194 κ.
601 1170 635 1193 τ.
662 1153 699 1192 λ.
754 1152 859 1190 Haeo
887 1151 934 1190 de
962 1150 1079 1190 animi
1107 1150 1399 1193 immortalitate.

412 1237 590 1287 Denique
614 1247 742 1273 omnes
768 1232 920 1272 omnino
934 1231 1215 1284 disquisitiones
1238 1232 1286 1272 de
1303 1232 1419 1273 animi
1432 1233 1579 1274 immor-

358 1322 519 1368 talitate,
530 1320 578 1359 de
592 1319 661 1358 deo
674 1318 808 1357 mundi
821 1317 963 1370 opifice,
979 1321 1050 1356 cet.
1066 1316 1197 1373 inanes
1209 1317 1420 1357 Lucianum
1432 1292 1582 1358 duxisse

358 1407 449 1447 satis
476 1409 581 1458 patet
604 1418 650 1443 ex
677 1404 736 1453 iis,
768 1417 864 1454 quae
883 1404 955 1441 Bia
971 1404 1056 1442 Ace.
1072 1416 1152 1454 cap.
1170 1404 1221 1441 34
1237 1406 1366 1442 eontra
1378 1403 1582 1456 Dialogum

359 1490 552 1542 disputat:
591 1487 680 1528 ἀλλ’
723 1488 798 1536 ἐγὼ
835 1484 910 1527 οἶδ’
949 1489 1048 1538 ἅπερ
1087 1486 1256 1538 μάλιστα
1287 1486 1404 1527 λυπεῖ’
1433 1472 1553 1530 αὑτὸν
1566 1519 1579 1538 ,

357 1581 418 1618 ὃτι
459 1580 510 1628 μὴ
552 1578 602 1617 τὰ
638 1575 802 1627 γλίσχρα
843 1577 975 1615 ἐκεῖνα
1017 1577 1083 1614 καὶ
1125 1573 1248 1613 λεπτὰ
1285 1578 1460 1627 κάθημαι
1487 1578 1581 1627 πρὸς

358 1665 478 1704 αὑτὸν
522 1660 755 1712 (Dialogum)
807 1660 1198 1711 σμικρολογούμενος,
1242 1662 1277 1699 εἷ
1315 1661 1519 1706 ἀθάνατος
1553 1666 1580 1712 ἠ

355 1749 464 1797 ψυχὴ
502 1747 569 1786 καὶ
609 1748 730 1790 πόσας
766 1742 931 1788 κοτύλας
968 1744 991 1781 ὁ
1033 1745 1150 1791 θεὸς,
1188 1745 1307 1783 ὁπότε
1342 1745 1410 1785 τὸν
1437 1746 1577 1795 κόσμον

355 1829 674 1876 κατεσϊιευάζετο,
717 1833 787 1878 τῆς
821 1828 982 1878 ἀμιγοῦς
1020 1828 1086 1866 καὶ
1121 1829 1223 1866 κατὰ
1258 1828 1384 1867 ταύτὰ
1422 1830 1578 1879 ἐχούσης

354 1916 486 1960 οὐσίας
520 1914 672 1966 ἐνέχεεν
710 1916 748 1960 ἐς
786 1916 855 1954 τὸν
890 1917 1083 1964 κρατῆρα,
1114 1915 1156 1953 ἐν
1194 1905 1230 1963 ᾦ
1250 1914 1301 1951 τὰ
1328 1916 1460 1953 πάντα
1493 1916 1578 1953 ἐκε-

352 2004 520 2050 ράννυτο
539 2016 577 2045 κ,
602 2015 639 2047 τ,
656 1999 692 2049 λ,
720 1999 834 2050 Ergo,
864 1997 966 2049 quod
999 1996 1169 2050 spinosis
1188 1997 1270 2036 istis
1299 1997 1578 2048 quaestionibus

354 2098 430 2123 non
463 2084 607 2136 gaudeo
621 2116 632 2135 ,
661 2084 763 2132 ideo,
792 2084 939 2135 inquit,
968 2083 1131 2135 Dialogo
1158 2083 1303 2123 invisus
1331 2097 1425 2123 sum.
1457 2065 1461 2068 .

407 2168 597 2208 Lucienus
623 2169 744 2221 igitur
767 2182 852 2209 eum
878 2168 952 2208 Dei
979 2167 1215 2208 existentiam
1240 2172 1278 2207 et
1304 2168 1577 2220 providentiam

352 2255 390 2290 et
418 2252 538 2291 animi
562 2252 882 2292 immortalitatem
909 2252 1020 2292 certis
1047 2252 1278 2304 argumentis
1302 2251 1451 2304 probari
1469 2264 1575 2304 posse

352 2343 526 2387 negaret,
567 2338 777 2391 desperavit
815 2339 863 2378 de
890 2339 1125 2391 philosophia
1138 2370 1150 2388 ‚
1190 2343 1236 2377 ut
1265 2352 1361 2389 quae
1388 2338 1429 2376 in
1465 2338 1576 2378 rebus

349 2419 576 2470 gravissimis
625 2435 756 2460 verum
798 2422 966 2461 invenire
1013 2435 1090 2461 non
1131 2424 1272 2473 posset3
1303 2420 1438 2461 maluit
1471 2420 1570 2461 enim
