1843 3071
929 254 978 292 54

348 399 414 437 καὶ
451 396 732 447 συμφορώτατα
771 395 1081 444 παραινοῦντας,
1114 392 1149 431 εἴ
1172 407 1230 437 τις
1254 394 1305 442 μὴ
1330 393 1569 443 παραβαίνοι

346 483 448 523 αὐτὰ
491 479 588 532 μηδὲ
635 478 879 520 διολισθάνοι
896 507 909 527 ,
954 476 1043 518 ἀλλ’
1083 478 1217 523 ἀτενὲς
1255 475 1492 528 ἀποβλέπων
1533 478 1571 522 ἐς

345 568 436 612 τούς
466 569 638 611 κανόνας
663 566 730 611 οὕς
751 565 1029 614 προτεθείκατε
1045 593 1057 612 ,
1085 564 1178 613 πρὸς
1203 554 1361 607 τούτους
1389 561 1569 611 ῥυθμίζοι

348 652 414 692 καὶ
439 651 659 694 ἀπευθύνοι
683 652 752 692 τὸν
781 651 920 691 ἑαυτοῦ
949 649 1053 702 βίον,
1082 648 1174 698 ὅπερ
1206 650 1252 698 νὴ
1286 646 1365 686 Δία
1396 647 1461 686 καὶ
1490 648 1569 689 τῶν

347 735 443 777 καθ’
473 740 574 787 ἡμᾶς
599 735 742 782 αὐτούς
769 734 894 784 ὀλίγοι
920 738 1110 774 ποιοῦσιν.
1133 732 1162 779 ¹)

404 819 502 869 Quis
529 823 586 859 est
613 819 668 858 ita
696 831 837 866 caecus,
855 817 1013 868 quinon
1033 816 1160 856 videat
1174 816 1232 855 his
1253 815 1389 864 verbis,
1405 829 1480 855 non
1494 815 1575 854 sine

352 903 431 944 leni
449 903 634 944 derisione
652 901 958 956 philosophorum
974 901 1129 941 illorum
1148 901 1215 954 qui
1234 901 1345 941 aliter
1358 901 1574 959 loquantur,

352 990 463 1029 aliter
490 989 634 1038 vivant,
662 987 810 1027 laudari
838 1001 918 1027 eam
946 987 1204 1040 philosophiae
1231 991 1375 1039 partem
1404 1001 1500 1038 quae
1529 987 1576 1026 ad

351 1075 452 1112 recte
478 1070 663 1124 beateque
691 1069 898 1111 vivendum
924 1069 1121 1125 pertinet?
1160 1068 1350 1110 Lucianus
1378 1068 1479 1109 enim
1505 1068 1576 1109 etsi

352 1146 656 1209 philosophorum
703 1154 841 1208 placita
883 1154 931 1193 de
973 1153 1106 1194 mundi
1148 1153 1344 1208 principiis
1392 1153 1578 1205 rebusque

356 1239 498 1278 divinis
526 1239 640 1279 nihili
678 1240 837 1289 faceret,
866 1244 992 1279 tamen
1016 1253 1085 1279 nec
1117 1239 1284 1279 studium
1315 1239 1468 1279 illorum
1500 1241 1580 1279 veri

357 1323 577 1365 inveniendi
605 1319 830 1378 improbavit
859 1329 897 1365 et
924 1328 1119 1379 praecepta
1147 1324 1300 1373 moralia
1319 1324 1409 1365 satis
1426 1324 1579 1365 laudare

355 1423 433 1449 non
460 1409 599 1462 potuit.
658 1408 705 1448 In
740 1409 902 1462 dialogo,
932 1410 999 1462 qui
1027 1410 1098 1450 Bis
1125 1415 1318 1450 accusatus
1345 1410 1578 1460 inscribitur,

356 1493 529 1534 Platonis
556 1493 696 1546 placita
724 1493 770 1534 de
799 1494 910 1535 rebus
932 1471 1194 1548 metaphysicis
1220 1497 1365 1548 procaci
1392 1497 1470 1537 risu
1496 1511 1579 1549 per-

356 1577 527 1631 sequitur
542 1576 597 1630 ²),
627 1576 698 1617 etsi
730 1576 836 1618 brevi
864 1582 952 1618 ante
980 1577 1079 1619 dixit
1104 1565 1356 1619 se'derelicta
1384 1579 1582 1621 Rhetorica

354 1663 396 1703 in
424 1662 663 1704 Academiam
690 1668 757 1704 aut
785 1664 827 1703 in
854 1664 1021 1717 Lyceum
1049 1664 1150 1704 velle
1177 1665 1278 1705 abire
1297 1662 1343 1717 ³).
1400 1666 1508 1706 Idem
1534 1668 1582 1707 de

354 1746 567 1801 Pythagora
604 1747 749 1789 dictum
785 1749 885 1790 volo.
935 1749 1207 1802 Pythagoream
1235 1750 1335 1790 euim
1360 1755 1582 1805 metempsy-

354 1832 482 1873 chosin
528 1837 566 1873 et
603 1846 778 1875 numeros
818 1834 1030 1889 saepissime
1073 1836 1194 1876 multo
1235 1836 1313 1877 sale
1340 1836 1517 1879 defricuit
1531 1838 1583 1891 ⁴);

359 2072 361 2075 ’
401 2076 430 2113 l)
455 2074 579 2106 Planck.
601 2075 623 2106 1.
644 2075 665 2105 1.
688 2085 718 2115 p.
743 2076 805 2113 18,
828 2077 881 2108 25.

402 2141 433 2178 2)
459 2140 518 2171 Bis
540 2141 611 2172 Acc.
633 2150 697 2182 cap.
721 2142 774 2174 84.

398 2212 430 2250 3)
454 2212 514 2243 Bis
539 2212 613 2244 Ace.
632 2222 696 2253 cap.
718 2212 780 2245 ³22
825 2210 865 2255 3„-
904 2208 947 2249 δὲ
986 2212 1059 2260 τὴν
1099 2210 1355 2262 Ἀκαδήμιαν
1393 2217 1419 2263 ἤ
1457 2216 1496 2259 ἐς
1540 2216 1584 2253 τό

354 2270 523 2308 Λύκειον
552 2266 726 2308 ἐλθόντα
752 2271 809 2320 τῷ
834 2268 1023 2322 βελτίστῳ
1054 2275 1179 2323 τούτῳ
1204 2271 1388 2324 Διαλόγῳ
1400 2287 1584 2325 συμπερι-

354 2331 511 2375 πατεῖν,
566 2327 690 2378 ἠρέμα
739 2329 1137 2381 συνδιαλεγομένους,
1178 2334 1260 2373 τῶν
1307 2334 1479 2373 ἐπαίνων
1519 2336 1585 2373 καὶ

356 2389 503 2436 κρότων
530 2389 574 2428 οὐ
602 2388 820 2439 δεομένους·

396 2462 429 2499 4)
459 2461 519 2492 Vit.
544 2462 634 2498 Auel.
657 2464 778 2495 Gallus.
