1843 3071
996 231 1046 271 10

398 375 519 426 μυρία
556 372 662 414 ἄλλα
677 403 689 422 ,
726 376 851 414 ταῦτα
880 374 954 423 μὲν
969 402 981 421 ,
1011 371 1137 423 ὥσπερ
1165 372 1265 418 effnde
1294 369 1342 422 ἦν
1358 401 1371 421 ,
1402 373 1621 423 ἀπέφυγον,

397 460 462 498 ἐπὶ
507 457 550 498 δὲ
590 459 640 497 τὰ
681 458 729 496 σὰ
744 486 756 505 ,
801 452 833 496 ὦ
883 453 1124 506 Φιλοσοφία,
1159 454 1262 495 καλὰ
1291 458 1455 506 ὁρμήσας
1486 456 1622 507 ἠξίουν

394 535 539 583 ὁπόσον
587 543 647 582 ἔτι
691 556 757 590 μοι
797 539 936 580 λοιπὸν
975 543 1044 579 τοῦ
1088 540 1178 591 βίον
1220 542 1399 589 καθάπερ
1438 543 1479 579 ἐκ
1505 539 1622 591 ζάλης

397 628 464 667 καὶ
502 624 697 672 κλύδωνος
733 626 786 671 εἷς
817 623 948 666 εὔδιόν
975 640 1067 666 τινα
1097 623 1237 675 λιμένα
1266 627 1432 671 σπεύσας
1461 625 1537 665 ὑπὸ
1563 626 1622 665 σοὶ
1653 665 1655 667 ,

394 713 626 761 σκεπόμενος
674 711 957 761 καταβιῶναι.”
1013 706 1072 745 De
1112 706 1182 745 hoc
1230 709 1356 747 autem
1397 707 1479 746 loco
1521 709 1621 746 recte

395 795 563 836 Moesius
604 794 752 834 monuit
766 825 778 842 ,
808 792 871 834 hic
902 806 978 832 non
1007 792 1216 844 juvenilem
1243 792 1407 844 aliquam
1435 807 1457 832 a
1484 792 1621 833 forensi

394 880 442 920 ad
488 878 743 919 scholasticam
786 877 1040 929 eloquentiam
1087 877 1347 917 transitionem
1392 878 1594 929 significari
1610 925 1620 944 ‚

394 966 459 1007 sed
488 980 570 1006 eam
602 978 698 1016 qua,
733 963 864 1003 relicta
895 962 1047 1002 omnino
1075 966 1235 1014 utraque
1248 994 1260 1011 ‚
1291 963 1344 1003 ad*
1367 964 1621 1017 philosophiae

394 1050 514 1090 otium
548 1053 586 1089 et
614 1062 754 1088 novum
787 1046 971 1087 scribendi
1001 1060 1120 1098 genus
1147 1060 1186 1086 se
1215 1051 1459 1088 converteret.

450 1134 649 1175 Conversis
675 1133 812 1175 studiis
836 1146 1009 1185 magnam
1041 1132 1143 1172 vitae
1171 1136 1315 1185 partem
1343 1133 1503 1173 Athenis
1535 1147 1621 1175 eum

395 1221 541 1273 degisse
573 1234 660 1260 cum
689 1233 735 1259 ex
763 1219 912 1271 scriptis
948 1219 1128 1268 satiricis,
1175 1233 1333 1271 quorum
1366 1234 1512 1261 scenam
1543 1221 1621 1260 fere

394 1320 537 1358 semper
581 1304 713 1345 urbem
753 1305 920 1343 Athenas
962 1304 1052 1343 fecit
1066 1334 1078 1352 ‚
1127 1303 1261 1356 conjici
1295 1309 1418 1357 potest
1432 1335 1443 1354 ‚
1476 1309 1560 1345 tum
1598 1319 1620 1345 e

394 1391 627 1431 Demonactis
685 1403 764 1441 cap.
806 1390 829 1428 1
842 1420 854 1438 ‚
901 1388 968 1428 ubi
1016 1402 1102 1428 cum
1146 1389 1218 1428 hoc
1262 1389 1481 1442 philosopho
1491 1421 1503 1440 ‚
1554 1391 1620 1442 qui

395 1475 557 1515 Athenis
596 1474 713 1514 vitam
740 1473 922 1525 degebat,
952 1487 1019 1526 per
1045 1460 1224 1526 magnum
1255 1476 1430 1527 temporis
1457 1477 1619 1528 spatium

394 1559 630 1600 familiariter
677 1573 715 1598 se
762 1558 900 1598 vixisse
928 1558 1020 1598 dicit
1033 1590 1045 1609 ‚
1074 1573 1141 1611 pro
1169 1564 1270 1599 certo
1299 1561 1478 1600 affirmare
1507 1562 1617 1612 lieet;

395 1649 552 1700 θατέρῳ
580 1648 622 1689 δὲ
642 1651 696 1699 τῷ
725 1649 962 1699 Δημώνακτι
977 1650 1042 1688 καὶ
1064 1650 1127 1688 ἐπὶ
1145 1652 1331 1700 μήκιστον
1345 1654 1616 1704 συνεγενόμην.

450 1732 573 1786 Senex
623 1730 748 1769 denuo
795 1708 1011 1783 sophisticas
1053 1730 1292 1770 recitationes
1334 1734 1541 1789 composuit
1560 1735 1617 1786 ¹),

395 1811 566 1869 afflictis,
611 1822 657 1858 ut
703 1818 876 1868 videtur,
922 1819 1084 1859 fortunis
1131 1824 1296 1869 coactus3
1328 1825 1492 1879 extremo
1505 1875 1507 1877 Ι
1520 1823 1620 1863 vitae

393 1906 559 1956 tempore
585 1901 739 1958 publico
765 1916 920 1944 munere
944 1902 985 1943 in
1018 1903 1193 1958 Aegypto
1220 1903 1374 1945 functus
1406 1909 1463 1946 est
1497 1907 1617 1959 (Apol.

395 1989 461 2040 12)
479 1989 525 2041 ²).
582 1975 669 2038 Quo
702 1988 836 2027 aetatis
863 2002 963 2029 anno
983 1993 1154 2029 mortuus
1179 1993 1218 2029 et
1247 1989 1315 2031 ubi
1338 1990 1509 2043 sepultus
1542 1990 1618 2040 sit,

438 2170 469 2209 l)
493 2169 636 2202 Baeo'hm
649 2193 658 2207 ‚
678 2170 853 2207 Hercules,
869 2178 929 2209 pro
950 2170 1051 2209 lapsu.

438 2237 469 2276 2)
493 2235 619 2269 Luciani
655 2235 868 2267 Samosatemis
898 2245 988 2276 opera
1009 2235 1102 2267 edidit
1123 2234 1204 2267 Guil.
1226 2235 1366 2267 Dindorf.
1388 2236 1450 2274 volq
1471 2236 1500 2267 1.
1524 2237 1619 2269 18⁵8.

364 2286 367 2289 ¹
393 2309 462 2340 pag.
483 2300 585 2331 VIII:
610 2301 763 2341 ‚Apparet
783 2309 819 2331 ex
840 2299 887 2330 his
908 2299 1029 2338 verbis,
1050 2309 1124 2339 quae
1145 2309 1207 2331 non
1218 2299 1424 2340 explicuerunt
1433 2299 1620 2343 interpretes,

398 2386 413 2403 „
425 2365 590 2397 Lucianum
619 2365 995 2407 hypomnemtographum
1018 2365 1110 2397 fuisse
1131 2365 1272 2407 praetecti
1296 2364 1490 2398 Alexandriae
1501 2387 1512 2403 ,
1532 2364 1618 2408 cuju
1694 2364 1696 2367 ’

398 2446 413 2463 u
427 2429 558 2461 muneris
575 2430 685 2461 mentio
708 2430 743 2460 fit
764 2430 842 2469 apud
863 2430 1038 2461 Strabonem
1062 2430 1114 2467 17,
1135 2440 1165 2471 p.
1189 2429 1261 2468 7⁹⁷,
1284 2429 1358 2461 etin
1369 2428 1476 2461 codici·
1485 2428 1617 2463 Thoodo-
1649 2448 1651 2450 v
