1843 3071
863 223 913 278 ,⁵⁷

275 361 469 404 verborum
497 366 631 402 ornatu
659 365 917 402 commemorat
943 355 1132 403 Lucianus
1143 392 1155 411 ,
1190 366 1235 402 ut
1249 363 1350 402 omni
1368 363 1490 402 rheto-

275 445 491 486 ricaeiartis
517 446 751 486 affectatione
773 450 882 487 vacet
907 421 1081 487 narratio,
1108 445 1264 486 Accedit
1282 445 1382 497 quod
1397 460 1493 497 quae
1533 443 1537 446 ’

277 532 320 572 in
365 534 479 587 hujus
507 533 580 574 viri
609 533 759 574 laudem
786 534 925 587 profert
956 532 1087 573 multis
1117 532 1331 573 auditorum
1372 532 1493 572 invisa

275 632 353 660 esse
394 619 592 660 debebant.
611 621 654 671 ¹)*

332 703 391 743 Ex
422 704 531 744 nullo
557 707 683 744 autem
716 703 866 755 dialogo
892 707 970 743 tam
996 704 1209 743 luculenter
1236 708 1387 757 apparet
1413 703 1491 744 Lu-

275 788 425 828 cinnum
452 802 474 827 a
499 788 761 841 metaphysicis
789 788 1071 840 quaestionibus
1098 788 1340 838 abhorruisse,
1364 793 1492 828 contra

254 873 476 926 ·practicam
525 873 798 927 philosophiam
859 873 1011 914 summis
1070 874 1247 915 laudibus
1292 874 1490 923 extulisse,

277 974 388 1012 quam
417 974 462 1000 ex
488 960 656 1001 Hermot.
687 975 765 1014 cap.
800 961 862 1010 79,
893 961 960 1002 ubi
989 960 1156 1002 Stoicum
1183 961 1237 1000 ita
1258 961 1489 1012 alloquitur:

276 1046 379 1087 ἀλλὰ
414 1050 491 1097 μὴν
522 1048 611 1088 οὐδὲ
649 1049 771 1088 ἐκεῖνό
798 1063 859 1087 πω
886 1050 1176 1099 κατανενόηκας
1193 1077 1205 1095 ,
1234 1044 1366 1096 οἶμαι,
1388 1035 1441 1092 ὥς
1467 1050 1492 1096 ή

277 1132 349 1180 μὲν
389 1132 504 1180 ἀρετὴ
547 1134 589 1172 ἐν
629 1133 754 1181 ἔργοις
793 1131 919 1180 δήπου
944 1132 1063 1178 ἐστίν,
1096 1130 1179 1170 οἷον
1207 1133 1249 1170 ἐν
1276 1135 1331 1181 τῷ
1357 1129 1492 1169 δίκαια

279 1217 461 1263 πράττειν
500 1215 567 1253 καὶ
607 1216 707 1264 σοφὰ
747 1215 812 1253 καὶ
848 1212 1009 1264 ἀνδρεῖα
1024 1244 1036 1262 ,
1077 1214 1183 1263 ὑμεῖς
1221 1211 1264 1252 δὲ
1294 1233 1344 1239 -
1374 1214 1418 1252 τὸ
1449 1210 1491 1251 δὲ

278 1301 383 1349 ὑμεῖς
432 1300 529 1338 ὅταν
573 1300 668 1337 εἴπω
682 1328 694 1347 ,
736 1301 836 1343 τούς-
876 1301 1019 1347 ἄκρους
1045 1300 1133 1337 ’τῶν
1180 1296 1492 1356 φιλοσοφούντων

276 1382 373 1432 φημί
415 1401 464 1407 -
489 1382 653 1431 ἀφέντες
693 1386 818 1421 ταῦτα
860 1383 988 1432 ζητεῖν
1026 1363 1093 1420 noel
1132 1385 1259 1421 ποιεῖν
1275 1410 1287 1428 ,
1327 1382 1492 1434 ῥημάτια

278 1465 448 1517 δύστηνα
486 1465 668 1517 μελετᾶτε
706 1469 772 1505 καὶ
808 1466 1081 1516 συλλογισμούς
1127 1466 1193 1505 καὶ
1226 1466 1392 1514 ἀπορίας
1425 1465 1491 1502 καὶ

275 1554 319 1591 τὸ
344 1551 525 1593 πλεῖστον
551 1557 617 1592 τοῦ
645 1554 735 1604 βίου
760 1555 823 1592 ἐπὶ
850 1557 1001 1597 τούτοις
1021 1552 1261 1602 διατρίβετε,
1283 1551 1348 1590 καὶ
1373 1553 1416 1597 ὃς
1437 1553 1489 1590 ἂν

275 1641 397 1688 κρατῇ
422 1638 463 1678 ἐν
491 1637 622 1684 αὐτοῖς
639 1667 651 1687 ,
680 1637 906 1685 καλλίνικος
931 1640 1023 1689 ὑμῖν
1049 1630 1176 1679 Bone:
1428 1627 1430 1630 Ι

329 1720 423 1759 Prae
463 1720 594 1760 ceteris
635 1725 761 1760 autem
797 1721 1003 1761 virtutibus
1028 1721 1200 1761 omnibus
1226 1721 1395 1761 laudavit
1421 1727 1493 1773 τὴν

275 1807 519 1859 αὐτάρκειαν.
549 1806 686 1858 Neque
712 1806 873 1847 mirum:
903 1820 988 1847 cum
1015 1806 1115 1846 enim
1141 1820 1227 1846 casu
1254 1806 1489 1859 omniaregi‚

275 1894 393 1929 morte
434 1890 557 1929 omnia
596 1890 697 1929 finiri
724 1894 928 1941 statueret,
956 1903 1031 1928 non
1057 1890 1182 1941 potuit
1208 1903 1284 1928 non
1311 1889 1491 1929 virtutem

274 1971 404 2022 illam,
467 1985 563 2023 quae
616 1972 757 2011 efficere
811 1977 934 2025 posset
974 1977 1019 2013 ut
1060 1986 1126 2012 sua
1164 1961 1323 2024 quisque
1362 1976 1461 2012 sorte
1475 2002 1487 2022 ,

260 2033 387 2108 *quam
419 2056 569 2096 fortuna
596 2056 769 2106 dedisset,
798 2061 996 2097 contentus
1022 2057 1177 2107 viveret,
1206 2057 1291 2097 aliis
1317 2057 1489 2098 omnibus

273 2147 506 2197 anteponere.
562 2143 697 2184 Tribus
735 2143 917 2196 imprimis
956 2143 997 2182 in
1032 2142 1213 2195 dialogis,
1256 2143 1297 2182 in
1329 2143 1461 2195 Cynico
1474 2173 1486 2191 ‚

317 2376 346 2414 1)
370 2376 579 2406 Domana-tom
600 2375 770 2414 religionem
793 2374 966 2414 popularem
990 2376 1021 2405 et
1035 2374 1250 2415 metaphysica
1264 2373 1486 2413 disquisitiones

273 2441 374 2472 inanes
396 2440 511 2472 duxisse
531 2450 597 2481 cap.
619 2441 657 2471 11
673 2464 681 2478 ‚
705 2441 745 2471 32
767 2442 798 2471 et
820 2441 860 2470 43
884 2443 994 2471 narrat.
