1843 3071
312 698 367 738 nx
408 697 589 739 somme
631 698 847 740 saeuum
891 699 1077 747 ramosi,
1122 698 1221 741 Qum
1263 698 1318 739 nn
1352 697 1539 739 muoso-

470 789 574 830 PHIA
613 789 841 831 smum-1·
877 789 1102 838 numus,
1149 789 1393 833 mamus.
1442 759 1445 764 ⁵

372 1202 537 1244 Nonnisi
575 1216 694 1256 pauca
745 1205 834 1242 sunt
880 1206 919 1242 et
962 1201 1091 1254 exigui
1142 1201 1322 1242 momenti
1370 1215 1468 1253 quae
1496 1216 1543 1243 ex

319 1285 468 1339 scriptis
518 1284 730 1338 sophisticis
766 1284 815 1325 ad
843 1283 1101 1337 quaestionem
1142 1284 1370 1338 propositam
1416 1298 1546 1327 eruere

322 1372 535 1423 potuimus,
574 1384 700 1423 neque
730 1374 858 1411 tamen
886 1370 955 1410 illa
987 1370 1089 1409 omni
1123 1369 1246 1423 pretio
1278 1369 1484 1418 destituta;
1513 1370 1545 1409 si

312 1455 423 1515 *enim
455 1468 501 1495 ex
530 1454 678 1509 scriptis
710 1453 884 1506 satiricis,
914 1453 1008 1507 quid
1025 1454 1215 1495 Lucianus
1234 1453 1550 1507 quadragenarius

322 1542 369 1581 de
409 1540 648 1594 philosophia
696 1540 876 1589 senserit,
924 1539 1032 1580 nobis
1072 1538 1288 1594 apparebit,
1332 1539 1426 1593 quid
1461 1544 1548 1581 ante

319 1627 530 1668 studiorum
591 1626 870 1667 conversionem
925 1625 1055 1667 eadem
1106 1625 1154 1665 de
1194 1639 1235 1666 re
1281 1625 1556 1666 existimaverit-

324 1727 345 1753 e
371 1713 502 1766 paucis
527 1712 609 1753 illis
635 1712 788 1752 indiciis
815 1711 947 1764 colligi
972 1711 1124 1765 poterit.
1191 1712 1242 1752 In
1268 1711 1551 1753 recitationibus

324 1796 426 1837 enim
472 1796 685 1849 sophisticis
721 1801 874 1849 propter
914 1795 1200 1836 benevolentiae
1231 1796 1436 1849 captandae
1467 1800 1547 1836 stn-

322 1881 429 1923 dium
465 1895 509 1922 ca
546 1894 644 1934 quae
689 1880 823 1922 multis
870 1880 1020 1934 ingrata
1066 1893 1145 1921 esse
1183 1879 1367 1922 debebant
1394 1884 1550 1935 tangere

320 1965 446 2007 noluit
454 1982 467 2017 5
487 1969 617 2007 contra
634 1965 676 2006 in
694 1964 843 2020 scriptis
860 1963 1021 2006 satiricis
1038 1964 1138 2007 nihil
1157 1965 1348 2020 ejusmodo
1364 1969 1549 2018 metuens,

322 2053 441 2094 libere
482 2052 577 2105 quid
609 2051 681 2092 sibi
713 2052 761 2092 de
793 2051 1031 2106 philosophia
1056 2050 1250 2094 videretur
1282 2053 1454 2094 elocutus
1480 2057 1550 2094 est.

324 2137 386 2178 Ad
413 2137 505 2178 haec
536 2136 656 2191 igitur
683 2136 937 2191 aggredimur.

378 2222 541 2263 Initium
574 2223 688 2276 hujus
720 2222 996 2276 disquisitionis
1024 2223 1203 2265 faciemus
1235 2239 1258 2265 a
1287 2224 1460 2278 dialogo,
1483 2224 1551 2276 qui

321 2310 569 2351 Hermotimus
579 2309 811 2351 inscribitur.
841 2309 898 2351 Ut
911 2308 1014 2351 enim
1026 2310 1175 2351 mittam
1190 2309 1361 2363 egregias
1374 2308 1551 2349 dictionis

235 2422 243 2425 -
324 2399 363 2434 et
390 2395 667 2450 compositionis
695 2396 857 2438 virtutes
885 2375 1036 2450 quibus·
1055 2396 1116 2437 hic
1144 2396 1243 2437 liber
1271 2394 1445 2446 excellit,
1474 2395 1550 2437 duo
