<?xml version="1.0" encoding="UTF-8"?>
<!DOCTYPE html PUBLIC "-//W3C//DTD XHTML 1.0 Transitional//EN"
    "http://www.w3.org/TR/xhtml1/DTD/xhtml1-transitional.dtd">
<html xmlns="http://www.w3.org/1999/xhtml" xml:lang="en" lang="en">
 <head>
  <title>
</title>
<meta http-equiv="Content-Type" content="text/html;charset=utf-8" />
  <meta name='ocr-system' content='tesseract 3.04.00' />
  <meta name='ocr-capabilities' content='ocr_page ocr_carea ocr_par ocr_line ocrx_word'/>
</head>
<body>
  <div class='ocr_page' id='page_1' title='image "./4771417_0021.png"; bbox 0 0 1843 3071; ppageno 0'>
   <div class='ocr_carea' id='block_1_1' title="bbox 0 0 83 103">
    <p class='ocr_par' dir='ltr' id='par_1_1' title="bbox 0 0 83 103">
     <span class='ocr_line' id='line_1_1' title="bbox 0 0 83 103; baseline 0 2968"><span class='ocrx_word' id='word_1_1' title='bbox 0 0 83 103; x_wconf 95' lang='lat' dir='ltr'><strong> </strong></span> 
     </span>
    </p>
   </div>
   <div class='ocr_carea' id='block_1_2' title="bbox 908 231 932 269">
    <p class='ocr_par' dir='ltr' id='par_1_2' title="bbox 908 231 932 269">
     <span class='ocr_line' id='line_1_2' title="bbox 908 231 932 269; baseline 0 0"><span class='ocrx_word' id='word_1_2' title='bbox 908 231 932 269; x_wconf 87' lang='grc'><strong>3</strong></span> 
     </span>
    </p>
   </div>
   <div class='ocr_carea' id='block_1_3' title="bbox 297 369 1515 922">
    <p class='ocr_par' dir='ltr' id='par_1_3' title="bbox 297 369 1515 922">
     <span class='ocr_line' id='line_1_3' title="bbox 297 369 1515 429; baseline 0 -19"><span class='ocrx_word' id='word_1_3' title='bbox 297 370 339 410; x_wconf 86' lang='lat' dir='ltr'>N</span> <span class='ocrx_word' id='word_1_4' title='bbox 340 383 382 410; x_wconf 86' lang='lat' dir='ltr'><strong>ee</strong></span> <span class='ocrx_word' id='word_1_5' title='bbox 407 369 605 429; x_wconf 81' lang='lat' dir='ltr'><strong>immerito.</strong></span> <span class='ocrx_word' id='word_1_6' title='bbox 648 369 887 422; x_wconf 75' lang='lat' dir='ltr'><strong>Quicumque</strong></span> <span class='ocrx_word' id='word_1_7' title='bbox 915 369 1016 410; x_wconf 90' lang='lat' dir='ltr'><strong>enim</strong></span> <span class='ocrx_word' id='word_1_8' title='bbox 1029 369 1188 411; x_wconf 87' lang='lat' dir='ltr'><strong>Luciani</strong></span> <span class='ocrx_word' id='word_1_9' title='bbox 1202 370 1399 423; x_wconf 85' lang='lat' dir='ltr'><strong>ingenium</strong></span> <span class='ocrx_word' id='word_1_10' title='bbox 1412 369 1515 410; x_wconf 91' lang='lat' dir='ltr'><strong>omni</strong></span> 
     </span>
     <span class='ocr_line' id='line_1_4' title="bbox 300 442 1515 508; baseline 0.001 -13"><span class='ocrx_word' id='word_1_11' title='bbox 300 442 347 495; x_wconf 81' lang='lat' dir='ltr'><strong>ex</strong></span> <span class='ocrx_word' id='word_1_12' title='bbox 371 458 478 508; x_wconf 82' lang='lat' dir='ltr'><strong>parte</strong></span> <span class='ocrx_word' id='word_1_13' title='bbox 505 468 723 507; x_wconf 75' lang='lat' dir='ltr'>cognoscere</span> <span class='ocrx_word' id='word_1_14' title='bbox 748 458 787 494; x_wconf 82' lang='lat' dir='ltr'><strong>et</strong></span> <span class='ocrx_word' id='word_1_15' title='bbox 815 459 915 495; x_wconf 87' lang='lat' dir='ltr'><strong>recte</strong></span> <span class='ocrx_word' id='word_1_16' title='bbox 943 454 1137 496; x_wconf 81' lang='lat' dir='ltr'><strong>aestimare</strong></span> <span class='ocrx_word' id='word_1_17' title='bbox 1151 455 1266 506; x_wconf 85' lang='lat' dir='ltr'><strong>velit,</strong></span> <span class='ocrx_word' id='word_1_18' title='bbox 1281 455 1315 495; x_wconf 87' lang='lat' dir='ltr'><strong>is</strong></span> <span class='ocrx_word' id='word_1_19' title='bbox 1328 455 1403 496; x_wconf 87' lang='lat' dir='ltr'><strong>nisi</strong></span> <span class='ocrx_word' id='word_1_20' title='bbox 1421 455 1515 507; x_wconf 85' lang='lat' dir='ltr'><strong>quid</strong></span> 
     </span>
     <span class='ocr_line' id='line_1_5' title="bbox 297 539 1515 594; baseline 0.001 -15"><span class='ocrx_word' id='word_1_21' title='bbox 297 539 345 580; x_wconf 87' lang='lat' dir='ltr'><strong>de</strong></span> <span class='ocrx_word' id='word_1_22' title='bbox 374 539 607 594; x_wconf 79' lang='lat' dir='ltr'>philosophia</span> <span class='ocrx_word' id='word_1_23' title='bbox 647 540 717 580; x_wconf 91' lang='lat' dir='ltr'><strong>ille</strong></span> <span class='ocrx_word' id='word_1_24' title='bbox 760 540 918 580; x_wconf 74' lang='lat' dir='ltr'>senserit</span> <span class='ocrx_word' id='word_1_25' title='bbox 953 540 1049 580; x_wconf 89' lang='lat' dir='ltr'><strong>bene</strong></span> <span class='ocrx_word' id='word_1_26' title='bbox 1092 540 1288 593; x_wconf 85' lang='lat' dir='ltr'><strong>cognitum</strong></span> <span class='ocrx_word' id='word_1_27' title='bbox 1315 541 1471 592; x_wconf 89' lang='lat' dir='ltr'><strong>habeat,</strong></span> <span class='ocrx_word' id='word_1_28' title='bbox 1492 554 1515 580; x_wconf 87' lang='lat' dir='ltr'><strong>a</strong></span> 
     </span>
     <span class='ocr_line' id='line_1_6' title="bbox 298 625 1515 679; baseline 0.002 -14"><span class='ocrx_word' id='word_1_29' title='bbox 298 638 407 678; x_wconf 86' lang='lat' dir='ltr'><strong>soopo</strong></span> <span class='ocrx_word' id='word_1_30' title='bbox 452 625 647 666; x_wconf 89' lang='lat' dir='ltr'><strong>aberrabit.</strong></span> <span class='ocrx_word' id='word_1_31' title='bbox 704 625 945 677; x_wconf 78' lang='lat' dir='ltr'><strong>Philosophia</strong></span> <span class='ocrx_word' id='word_1_32' title='bbox 991 625 1092 665; x_wconf 89' lang='lat' dir='ltr'><strong>enim</strong></span> <span class='ocrx_word' id='word_1_33' title='bbox 1136 631 1215 666; x_wconf 83' lang='lat' dir='ltr'><strong>erat</strong></span> <span class='ocrx_word' id='word_1_34' title='bbox 1254 628 1338 667; x_wconf 82' lang='lat' dir='ltr'><strong>fons</strong></span> <span class='ocrx_word' id='word_1_35' title='bbox 1365 641 1412 667; x_wconf 86' lang='lat' dir='ltr'><strong>ex</strong></span> <span class='ocrx_word' id='word_1_36' title='bbox 1439 640 1515 679; x_wconf 90' lang='lat' dir='ltr'><strong>quo</strong></span> 
     </span>
     <span class='ocr_line' id='line_1_7' title="bbox 298 702 1513 764; baseline 0.001 -13"><span class='ocrx_word' id='word_1_37' title='bbox 298 709 466 751; x_wconf 80' lang='lat' dir='ltr'><strong>homines</strong></span> <span class='ocrx_word' id='word_1_38' title='bbox 489 710 648 760; x_wconf 88' lang='lat' dir='ltr'><strong>eruditi,</strong></span> <span class='ocrx_word' id='word_1_39' title='bbox 670 709 737 762; x_wconf 92' lang='lat' dir='ltr'><strong>qui</strong></span> <span class='ocrx_word' id='word_1_40' title='bbox 756 702 975 764; x_wconf 79' lang='lat' dir='ltr'><strong>popularem</strong></span> <span class='ocrx_word' id='word_1_41' title='bbox 986 710 1209 763; x_wconf 82' lang='lat' dir='ltr'><strong>religionem</strong></span> <span class='ocrx_word' id='word_1_42' title='bbox 1222 716 1513 763; x_wconf 75' lang='lat' dir='ltr'><strong>contemnerent,</strong></span> 
     </span>
     <span class='ocr_line' id='line_1_8' title="bbox 300 792 1515 847; baseline 0.002 -14"><span class='ocrx_word' id='word_1_43' title='bbox 300 793 393 846; x_wconf 86' lang='lat' dir='ltr'><strong>quid</strong></span> <span class='ocrx_word' id='word_1_44' title='bbox 420 792 468 833; x_wconf 85' lang='lat' dir='ltr'><strong>de</strong></span> <span class='ocrx_word' id='word_1_45' title='bbox 498 794 629 834; x_wconf 88' lang='lat' dir='ltr'><strong>mundi</strong></span> <span class='ocrx_word' id='word_1_46' title='bbox 657 798 820 834; x_wconf 78' lang='lat' dir='ltr'><strong>creatore</strong></span> <span class='ocrx_word' id='word_1_47' title='bbox 848 799 888 834; x_wconf 84' lang='lat' dir='ltr'><strong>et</strong></span> <span class='ocrx_word' id='word_1_48' title='bbox 916 795 1185 847; x_wconf 80' lang='lat' dir='ltr'><strong>gubernatore,</strong></span> <span class='ocrx_word' id='word_1_49' title='bbox 1214 796 1308 847; x_wconf 88' lang='lat' dir='ltr'><strong>quid</strong></span> <span class='ocrx_word' id='word_1_50' title='bbox 1339 796 1386 836; x_wconf 93' lang='lat' dir='ltr'><strong>de</strong></span> <span class='ocrx_word' id='word_1_51' title='bbox 1400 796 1515 835; x_wconf 83' lang='lat' dir='ltr'><strong>animi</strong></span> 
     </span>
     <span class='ocr_line' id='line_1_9' title="bbox 299 879 1205 922; baseline 0.002 -3"><span class='ocrx_word' id='word_1_52' title='bbox 299 879 580 920; x_wconf 82' lang='lat' dir='ltr'><strong>immortalitate</strong></span> <span class='ocrx_word' id='word_1_53' title='bbox 612 883 707 920; x_wconf 85' lang='lat' dir='ltr'><strong>esset</strong></span> <span class='ocrx_word' id='word_1_54' title='bbox 734 880 973 920; x_wconf 84' lang='lat' dir='ltr'><strong>statuendum</strong></span> <span class='ocrx_word' id='word_1_55' title='bbox 1001 880 1205 922; x_wconf 80' lang='lat' dir='ltr'><strong>discebant.</strong></span> 
     </span>
    </p>
   </div>
   <div class='ocr_carea' id='block_1_4' title="bbox 355 964 1515 1019">
    <p class='ocr_par' dir='ltr' id='par_1_4' title="bbox 355 964 1515 1019">
     <span class='ocr_line' id='line_1_10' title="bbox 355 964 1515 1019; baseline 0.003 -15"><span class='ocrx_word' id='word_1_56' title='bbox 355 964 441 1005; x_wconf 85' lang='lat' dir='ltr'><strong>Jam</strong></span> <span class='ocrx_word' id='word_1_57' title='bbox 481 979 569 1005; x_wconf 85' lang='lat' dir='ltr'><strong>vero</strong></span> <span class='ocrx_word' id='word_1_58' title='bbox 603 965 689 1017; x_wconf 88' lang='lat' dir='ltr'><strong>quis</strong></span> <span class='ocrx_word' id='word_1_59' title='bbox 719 979 795 1005; x_wconf 91' lang='lat' dir='ltr'><strong>non</strong></span> <span class='ocrx_word' id='word_1_60' title='bbox 823 966 1015 1018; x_wconf 84' lang='lat' dir='ltr'><strong>agnoscit,</strong></span> <span class='ocrx_word' id='word_1_61' title='bbox 1049 980 1163 1018; x_wconf 85' lang='lat' dir='ltr'><strong>quam</strong></span> <span class='ocrx_word' id='word_1_62' title='bbox 1189 967 1350 1019; x_wconf 88' lang='lat' dir='ltr'><strong>quisque</strong></span> <span class='ocrx_word' id='word_1_63' title='bbox 1381 967 1515 1007; x_wconf 79' lang='lat' dir='ltr'><strong>habeat</strong></span> 
     </span>
    </p>
   </div>
   <div class='ocr_carea' id='block_1_5' title="bbox 228 1052 1517 1104">
    <p class='ocr_par' dir='ltr' id='par_1_5' title="bbox 228 1052 1517 1104">
     <span class='ocr_line' id='line_1_11' title="bbox 228 1052 1517 1104; baseline 0.002 -13"><span class='ocrx_word' id='word_1_64' title='bbox 228 1074 232 1078; x_wconf 96' lang='lat'><em>-</em></span> <span class='ocrx_word' id='word_1_65' title='bbox 301 1052 349 1092; x_wconf 91' lang='lat' dir='ltr'><strong>de</strong></span> <span class='ocrx_word' id='word_1_66' title='bbox 375 1053 486 1094; x_wconf 85' lang='lat' dir='ltr'><strong>rebus</strong></span> <span class='ocrx_word' id='word_1_67' title='bbox 513 1052 653 1092; x_wconf 84' lang='lat' dir='ltr'><strong>divinis</strong></span> <span class='ocrx_word' id='word_1_68' title='bbox 681 1053 925 1104; x_wconf 79' lang='lat' dir='ltr'><strong>sententiam,</strong></span> <span class='ocrx_word' id='word_1_69' title='bbox 959 1067 1040 1094; x_wconf 84' lang='lat' dir='ltr'><strong>eam</strong></span> <span class='ocrx_word' id='word_1_70' title='bbox 1065 1058 1144 1094; x_wconf 88' lang='lat' dir='ltr'><strong>tam</strong></span> <span class='ocrx_word' id='word_1_71' title='bbox 1167 1054 1209 1093; x_wconf 90' lang='lat' dir='ltr'><strong>in</strong></span> <span class='ocrx_word' id='word_1_72' title='bbox 1223 1054 1333 1094; x_wconf 88' lang='lat' dir='ltr'><strong>rebus</strong></span> <span class='ocrx_word' id='word_1_73' title='bbox 1344 1054 1517 1094; x_wconf 88' lang='lat' dir='ltr'><strong>humanis</strong></span> 
     </span>
    </p>
   </div>
   <div class='ocr_carea' id='block_1_6' title="bbox 299 1137 1521 1788">
    <p class='ocr_par' dir='ltr' id='par_1_6' title="bbox 299 1137 1517 1455">
     <span class='ocr_line' id='line_1_12' title="bbox 300 1137 1517 1190; baseline -0.001 -12"><span class='ocrx_word' id='word_1_74' title='bbox 300 1137 538 1178; x_wconf 78' lang='lat' dir='ltr'><strong>aestimandis</strong></span> <span class='ocrx_word' id='word_1_75' title='bbox 565 1150 677 1189; x_wconf 81' lang='lat' dir='ltr'><strong>quam</strong></span> <span class='ocrx_word' id='word_1_76' title='bbox 703 1137 745 1176; x_wconf 93' lang='lat' dir='ltr'><strong>in</strong></span> <span class='ocrx_word' id='word_1_77' title='bbox 769 1137 1020 1190; x_wconf 76' lang='lat' dir='ltr'><strong>dijudicandis</strong></span> <span class='ocrx_word' id='word_1_78' title='bbox 1047 1138 1138 1190; x_wconf 88' lang='lat' dir='ltr'><strong>ipsis</strong></span> <span class='ocrx_word' id='word_1_79' title='bbox 1155 1137 1368 1177; x_wconf 86' lang='lat' dir='ltr'><strong>hominibus</strong></span> <span class='ocrx_word' id='word_1_80' title='bbox 1382 1137 1517 1177; x_wconf 82' lang='lat' dir='ltr'><strong>summi</strong></span> 
     </span>
     <span class='ocr_line' id='line_1_13' title="bbox 301 1222 1516 1275; baseline -0.002 -11"><span class='ocrx_word' id='word_1_81' title='bbox 301 1236 379 1263; x_wconf 86' lang='lat' dir='ltr'><strong>esse</strong></span> <span class='ocrx_word' id='word_1_82' title='bbox 405 1223 614 1264; x_wconf 80' lang='lat' dir='ltr'><strong>momenti?</strong></span> <span class='ocrx_word' id='word_1_83' title='bbox 669 1223 753 1264; x_wconf 89' lang='lat' dir='ltr'><strong>Nec</strong></span> <span class='ocrx_word' id='word_1_84' title='bbox 782 1222 980 1274; x_wconf 80' lang='lat' dir='ltr'><strong>quisquam</strong></span> <span class='ocrx_word' id='word_1_85' title='bbox 1004 1227 1104 1263; x_wconf 90' lang='lat' dir='ltr'><strong>certe</strong></span> <span class='ocrx_word' id='word_1_86' title='bbox 1132 1223 1205 1263; x_wconf 89' lang='lat' dir='ltr'><strong>erit</strong></span> <span class='ocrx_word' id='word_1_87' title='bbox 1234 1223 1301 1275; x_wconf 88' lang='lat' dir='ltr'><strong>qui</strong></span> <span class='ocrx_word' id='word_1_88' title='bbox 1329 1236 1406 1263; x_wconf 91' lang='lat' dir='ltr'><strong>non</strong></span> <span class='ocrx_word' id='word_1_89' title='bbox 1433 1236 1516 1275; x_wconf 92' lang='lat' dir='ltr'><strong>per-</strong></span> 
     </span>
     <span class='ocr_line' id='line_1_14' title="bbox 299 1306 1517 1360; baseline -0.002 -12"><span class='ocrx_word' id='word_1_90' title='bbox 299 1308 454 1360; x_wconf 87' lang='lat' dir='ltr'><strong>spiciat,</strong></span> <span class='ocrx_word' id='word_1_91' title='bbox 496 1307 585 1347; x_wconf 89' lang='lat' dir='ltr'><strong>inde</strong></span> <span class='ocrx_word' id='word_1_92' title='bbox 612 1320 758 1347; x_wconf 86' lang='lat' dir='ltr'><strong>omnem</strong></span> <span class='ocrx_word' id='word_1_93' title='bbox 789 1306 835 1346; x_wconf 91' lang='lat' dir='ltr'><strong>de</strong></span> <span class='ocrx_word' id='word_1_94' title='bbox 871 1306 1007 1346; x_wconf 89' lang='lat' dir='ltr'><strong>finibus</strong></span> <span class='ocrx_word' id='word_1_95' title='bbox 1038 1308 1220 1348; x_wconf 89' lang='lat' dir='ltr'><strong>bonorum</strong></span> <span class='ocrx_word' id='word_1_96' title='bbox 1256 1311 1294 1346; x_wconf 89' lang='lat' dir='ltr'><strong>et</strong></span> <span class='ocrx_word' id='word_1_97' title='bbox 1333 1307 1517 1346; x_wconf 79' lang='lat' dir='ltr'><strong>malorum</strong></span> 
     </span>
     <span class='ocr_line' id='line_1_15' title="bbox 302 1393 1036 1455; baseline -0.001 -21"><span class='ocrx_word' id='word_1_98' title='bbox 302 1393 556 1445; x_wconf 87' lang='lat' dir='ltr'><strong>quaestionem</strong></span> <span class='ocrx_word' id='word_1_99' title='bbox 586 1393 759 1446; x_wconf 89' lang='lat' dir='ltr'><strong>pendere.</strong></span> <span class='ocrx_word' id='word_1_100' title='bbox 1034 1453 1036 1455; x_wconf 21' lang='grc' dir='ltr'>Ι</span> 
     </span>
    </p>

    <p class='ocr_par' dir='ltr' id='par_1_7' title="bbox 301 1478 1521 1788">
     <span class='ocr_line' id='line_1_16' title="bbox 354 1478 1516 1532; baseline 0.001 -14"><span class='ocrx_word' id='word_1_101' title='bbox 354 1478 414 1519; x_wconf 91' lang='lat' dir='ltr'><strong>De</strong></span> <span class='ocrx_word' id='word_1_102' title='bbox 441 1478 510 1518; x_wconf 84' lang='lat' dir='ltr'><strong>hac</strong></span> <span class='ocrx_word' id='word_1_103' title='bbox 536 1481 663 1519; x_wconf 87' lang='lat' dir='ltr'><strong>autem</strong></span> <span class='ocrx_word' id='word_1_104' title='bbox 693 1491 734 1518; x_wconf 87' lang='lat' dir='ltr'><strong>re</strong></span> <span class='ocrx_word' id='word_1_105' title='bbox 759 1479 836 1532; x_wconf 83' lang='lat' dir='ltr'><strong>jam</strong></span> <span class='ocrx_word' id='word_1_106' title='bbox 861 1478 1003 1532; x_wconf 84' lang='lat' dir='ltr'><strong>pridem</strong></span> <span class='ocrx_word' id='word_1_107' title='bbox 1018 1478 1156 1518; x_wconf 86' lang='lat' dir='ltr'><strong>mirum</strong></span> <span class='ocrx_word' id='word_1_108' title='bbox 1174 1482 1358 1531; x_wconf 87' lang='lat' dir='ltr'><strong>quantum</strong></span> <span class='ocrx_word' id='word_1_109' title='bbox 1376 1478 1516 1519; x_wconf 84' lang='lat' dir='ltr'><strong>dissen-</strong></span> 
     </span>
     <span class='ocr_line' id='line_1_17' title="bbox 301 1563 1519 1616; baseline 0.001 -13"><span class='ocrx_word' id='word_1_110' title='bbox 301 1564 405 1603; x_wconf 83' lang='lat' dir='ltr'><strong>tiunt</strong></span> <span class='ocrx_word' id='word_1_111' title='bbox 432 1563 506 1603; x_wconf 87' lang='lat' dir='ltr'><strong>viri</strong></span> <span class='ocrx_word' id='word_1_112' title='bbox 520 1563 632 1604; x_wconf 89' lang='lat' dir='ltr'><strong>docti.</strong></span> <span class='ocrx_word' id='word_1_113' title='bbox 667 1563 749 1603; x_wconf 89' lang='lat' dir='ltr'><strong>Alii</strong></span> <span class='ocrx_word' id='word_1_114' title='bbox 762 1563 804 1602; x_wconf 93' lang='lat' dir='ltr'><strong>in</strong></span> <span class='ocrx_word' id='word_1_115' title='bbox 818 1563 1086 1616; x_wconf 85' lang='lat' dir='ltr'><strong>Epicureorum</strong></span> <span class='ocrx_word' id='word_1_116' title='bbox 1101 1577 1253 1615; x_wconf 86' lang='lat' dir='ltr'><strong>gregem</strong></span> <span class='ocrx_word' id='word_1_117' title='bbox 1266 1577 1353 1604; x_wconf 89' lang='lat' dir='ltr'><strong>eum</strong></span> <span class='ocrx_word' id='word_1_118' title='bbox 1366 1564 1519 1616; x_wconf 85' lang='lat' dir='ltr'><strong>rejicere</strong></span> 
     </span>
     <span class='ocr_line' id='line_1_18' title="bbox 301 1648 1521 1705; baseline 0.002 -16"><span class='ocrx_word' id='word_1_119' title='bbox 301 1662 377 1689; x_wconf 91' lang='lat' dir='ltr'><strong>non</strong></span> <span class='ocrx_word' id='word_1_120' title='bbox 421 1648 598 1689; x_wconf 85' lang='lat' dir='ltr'><strong>dubitant</strong></span> <span class='ocrx_word' id='word_1_121' title='bbox 611 1680 623 1698; x_wconf 94' lang='lat'><em>‚</em></span> <span class='ocrx_word' id='word_1_122' title='bbox 657 1649 687 1701; x_wconf 88' lang='lat'><strong>¹)</strong></span> <span class='ocrx_word' id='word_1_123' title='bbox 736 1649 803 1689; x_wconf 86' lang='lat' dir='ltr'><strong>alii</strong></span> <span class='ocrx_word' id='word_1_124' title='bbox 843 1650 1053 1692; x_wconf 84' lang='lat' dir='ltr'><strong>Electicum</strong></span> <span class='ocrx_word' id='word_1_125' title='bbox 1065 1683 1077 1702; x_wconf 93' lang='lat'><strong><em>,</em></strong></span> <span class='ocrx_word' id='word_1_126' title='bbox 1111 1652 1142 1703; x_wconf 86' lang='lat'><strong>²)</strong></span> <span class='ocrx_word' id='word_1_127' title='bbox 1192 1651 1259 1691; x_wconf 88' lang='lat' dir='ltr'><strong>alii</strong></span> <span class='ocrx_word' id='word_1_128' title='bbox 1305 1651 1521 1705; x_wconf 81' lang='lat' dir='ltr'><strong>Scepticum</strong></span> 
     </span>
     <span class='ocr_line' id='line_1_19' title="bbox 301 1730 1520 1788; baseline 0.004 -17"><span class='ocrx_word' id='word_1_129' title='bbox 301 1731 415 1772; x_wconf 85' lang='lat' dir='ltr'><strong>fuisse</strong></span> <span class='ocrx_word' id='word_1_130' title='bbox 432 1730 463 1784; x_wconf 84' lang='lat'><strong>³)</strong></span> <span class='ocrx_word' id='word_1_131' title='bbox 492 1735 713 1772; x_wconf 82' lang='lat' dir='ltr'><strong>asseverant.</strong></span> <span class='ocrx_word' id='word_1_132' title='bbox 753 1732 912 1774; x_wconf 85' lang='lat' dir='ltr'><strong>Photius</strong></span> <span class='ocrx_word' id='word_1_133' title='bbox 939 1734 991 1774; x_wconf 86' lang='lat' dir='ltr'><strong>sic</strong></span> <span class='ocrx_word' id='word_1_134' title='bbox 1018 1734 1065 1773; x_wconf 92' lang='lat' dir='ltr'><strong>de</strong></span> <span class='ocrx_word' id='word_1_135' title='bbox 1079 1734 1147 1774; x_wconf 91' lang='lat' dir='ltr'><strong>illo</strong></span> <span class='ocrx_word' id='word_1_136' title='bbox 1159 1735 1325 1787; x_wconf 86' lang='lat' dir='ltr'><strong>judicat:</strong></span> <span class='ocrx_word' id='word_1_137' title='bbox 1347 1738 1417 1783; x_wconf 81' lang='grc' dir='ltr'><strong>τὰς</strong></span> <span class='ocrx_word' id='word_1_138' title='bbox 1447 1737 1520 1788; x_wconf 80' lang='grc' dir='ltr'><strong>γὰρ</strong></span> 
     </span>
    </p>
   </div>
   <div class='ocr_carea' id='block_1_7' title="bbox 303 1966 1529 2478">
    <p class='ocr_par' dir='ltr' id='par_1_8' title="bbox 303 1966 1522 2089">
     <span class='ocr_line' id='line_1_20' title="bbox 349 1966 1522 2022; baseline 0.001 -10"><span class='ocrx_word' id='word_1_139' title='bbox 349 1983 379 2019; x_wconf 90' lang='grc'><strong>1)</strong></span> <span class='ocrx_word' id='word_1_140' title='bbox 402 1983 438 2014; x_wconf 77' lang='lat' dir='ltr'><strong>G.</strong></span> <span class='ocrx_word' id='word_1_141' title='bbox 474 1983 504 2013; x_wconf 81' lang='lat' dir='ltr'><strong>J.</strong></span> <span class='ocrx_word' id='word_1_142' title='bbox 539 1966 672 2014; x_wconf 56' lang='lat' dir='ltr'><strong>Vossius</strong></span> <span class='ocrx_word' id='word_1_143' title='bbox 695 1970 730 2013; x_wconf 78' lang='lat' dir='ltr'><strong>de</strong></span> <span class='ocrx_word' id='word_1_144' title='bbox 763 1983 835 2014; x_wconf 80' lang='lat' dir='ltr'><strong>hist.</strong></span> <span class='ocrx_word' id='word_1_145' title='bbox 865 1992 961 2022; x_wconf 81' lang='lat' dir='ltr'><strong>graec.</strong></span> <span class='ocrx_word' id='word_1_146' title='bbox 990 1984 1053 2014; x_wconf 85' lang='lat' dir='ltr'><strong>litt.</strong></span> <span class='ocrx_word' id='word_1_147' title='bbox 1078 1983 1122 2013; x_wconf 91' lang='lat'><strong>11.</strong></span> <span class='ocrx_word' id='word_1_148' title='bbox 1148 1984 1197 2014; x_wconf 81' lang='lat'><strong>15.</strong></span> <span class='ocrx_word' id='word_1_149' title='bbox 1242 1983 1416 2014; x_wconf 85' lang='lat' dir='ltr'><strong>Tillemont.</strong></span> <span class='ocrx_word' id='word_1_150' title='bbox 1439 1983 1522 2014; x_wconf 66' lang='lat' dir='ltr'><strong>Hist.</strong></span> 
     </span>
     <span class='ocr_line' id='line_1_21' title="bbox 303 2048 994 2089; baseline -0.001 -10"><span class='ocrx_word' id='word_1_151' title='bbox 303 2048 333 2079; x_wconf 78' lang='lat' dir='ltr'><strong>d.</strong></span> <span class='ocrx_word' id='word_1_152' title='bbox 354 2048 442 2089; x_wconf 77' lang='lat' dir='ltr'><strong>Emp.</strong></span> <span class='ocrx_word' id='word_1_153' title='bbox 465 2049 501 2079; x_wconf 75' lang='lat' dir='ltr'><strong>T.</strong></span> <span class='ocrx_word' id='word_1_154' title='bbox 528 2049 576 2080; x_wconf 92' lang='lat'><strong>11.</strong></span> <span class='ocrx_word' id='word_1_155' title='bbox 602 2050 679 2089; x_wconf 77' lang='lat' dir='ltr'><strong>part.</strong></span> <span class='ocrx_word' id='word_1_156' title='bbox 703 2049 734 2080; x_wconf 79' lang='lat'><strong>2.</strong></span> <span class='ocrx_word' id='word_1_157' title='bbox 758 2059 790 2089; x_wconf 86' lang='lat' dir='ltr'><strong>p.</strong></span> <span class='ocrx_word' id='word_1_158' title='bbox 815 2048 994 2082; x_wconf 76' lang='lat'><strong>707—710.</strong></span> 
     </span>
    </p>

    <p class='ocr_par' dir='ltr' id='par_1_9' title="bbox 305 2114 1525 2218">
     <span class='ocr_line' id='line_1_22' title="bbox 348 2114 1525 2155; baseline 0 -10"><span class='ocrx_word' id='word_1_159' title='bbox 348 2115 379 2154; x_wconf 76' lang='lat'><strong>2)</strong></span> <span class='ocrx_word' id='word_1_160' title='bbox 402 2114 545 2146; x_wconf 77' lang='lat' dir='ltr'><strong>Bmcker.</strong></span> <span class='ocrx_word' id='word_1_161' title='bbox 581 2114 664 2146; x_wconf 84' lang='lat' dir='ltr'><strong>Hist.</strong></span> <span class='ocrx_word' id='word_1_162' title='bbox 706 2114 783 2146; x_wconf 80' lang='lat' dir='ltr'><strong>erit.</strong></span> <span class='ocrx_word' id='word_1_163' title='bbox 822 2114 897 2155; x_wconf 86' lang='lat' dir='ltr'><strong>phil.</strong></span> <span class='ocrx_word' id='word_1_164' title='bbox 934 2115 969 2145; x_wconf 83' lang='grc' dir='ltr'><strong>Τ.</strong></span> <span class='ocrx_word' id='word_1_165' title='bbox 993 2114 1041 2146; x_wconf 86' lang='grc' dir='ltr'><strong>Π.</strong></span> <span class='ocrx_word' id='word_1_166' title='bbox 1067 2124 1097 2154; x_wconf 84' lang='lat' dir='ltr'><strong>p.</strong></span> <span class='ocrx_word' id='word_1_167' title='bbox 1120 2114 1182 2145; x_wconf 76' lang='lat'><strong>615</strong></span> <span class='ocrx_word' id='word_1_168' title='bbox 1213 2124 1258 2154; x_wconf 81' lang='lat' dir='ltr'><strong>sq.</strong></span> <span class='ocrx_word' id='word_1_169' title='bbox 1284 2115 1427 2146; x_wconf 68' lang='lat' dir='ltr'><strong>&#39;riemann</strong></span> <span class='ocrx_word' id='word_1_170' title='bbox 1451 2115 1525 2146; x_wconf 76' lang='lat' dir='ltr'><strong>iiber</strong></span> 
     </span>
     <span class='ocr_line' id='line_1_23' title="bbox 305 2177 1046 2218; baseline 0.001 -10"><span class='ocrx_word' id='word_1_171' title='bbox 305 2177 433 2209; x_wconf 71' lang='lat' dir='ltr'><strong>Luciam</strong></span> <span class='ocrx_word' id='word_1_172' title='bbox 455 2177 604 2209; x_wconf 76' lang='lat' dir='ltr'><strong>Schriften</strong></span> <span class='ocrx_word' id='word_1_173' title='bbox 628 2177 689 2208; x_wconf 83' lang='lat' dir='ltr'><strong>und</strong></span> <span class='ocrx_word' id='word_1_174' title='bbox 711 2177 913 2218; x_wconf 77' lang='lat' dir='ltr'><strong>Philosophie.</strong></span> <span class='ocrx_word' id='word_1_175' title='bbox 936 2179 967 2209; x_wconf 86' lang='lat' dir='ltr'><strong>S.</strong></span> <span class='ocrx_word' id='word_1_176' title='bbox 995 2178 1046 2211; x_wconf 80' lang='lat'><strong>57.</strong></span> 
     </span>
    </p>

    <p class='ocr_par' dir='ltr' id='par_1_10' title="bbox 306 2243 1529 2478">
     <span class='ocr_line' id='line_1_24' title="bbox 349 2243 1523 2284; baseline -0.001 -10"><span class='ocrx_word' id='word_1_177' title='bbox 349 2244 381 2282; x_wconf 81' lang='lat'><strong>3)</strong></span> <span class='ocrx_word' id='word_1_178' title='bbox 404 2243 438 2274; x_wconf 71' lang='grc' dir='ltr'><strong>Γ.</strong></span> <span class='ocrx_word' id='word_1_179' title='bbox 478 2244 514 2275; x_wconf 76' lang='lat' dir='ltr'><strong>F.</strong></span> <span class='ocrx_word' id='word_1_180' title='bbox 550 2243 660 2275; x_wconf 77' lang='lat' dir='ltr'><strong>Reitzii</strong></span> <span class='ocrx_word' id='word_1_181' title='bbox 693 2243 812 2283; x_wconf 76' lang='lat' dir='ltr'><strong>Sylloge</strong></span> <span class='ocrx_word' id='word_1_182' title='bbox 846 2243 882 2273; x_wconf 85' lang='lat' dir='ltr'><strong>de</strong></span> <span class='ocrx_word' id='word_1_183' title='bbox 914 2244 1029 2281; x_wconf 66' lang='lat' dir='ltr'><strong>notato,</strong></span> <span class='ocrx_word' id='word_1_184' title='bbox 1065 2243 1126 2273; x_wconf 79' lang='lat' dir='ltr'><strong>vita</strong></span> <span class='ocrx_word' id='word_1_185' title='bbox 1164 2243 1340 2284; x_wconf 71' lang='lat' dir='ltr'><strong>scriptisque</strong></span> <span class='ocrx_word' id='word_1_186' title='bbox 1376 2243 1523 2281; x_wconf 77' lang='lat' dir='ltr'><strong>Lueiani,</strong></span> 
     </span>
     <span class='ocr_line' id='line_1_25' title="bbox 306 2308 1527 2352; baseline -0.002 -10"><span class='ocrx_word' id='word_1_187' title='bbox 306 2319 337 2349; x_wconf 83' lang='lat' dir='ltr'><strong>p.</strong></span> <span class='ocrx_word' id='word_1_188' title='bbox 370 2310 449 2340; x_wconf 85' lang='lat' dir='ltr'><strong>Lxx</strong></span> <span class='ocrx_word' id='word_1_189' title='bbox 488 2310 637 2349; x_wconf 84' lang='lat' dir='ltr'><strong>(operibus</strong></span> <span class='ocrx_word' id='word_1_190' title='bbox 667 2319 685 2339; x_wconf 81' lang='lat' dir='ltr'><strong>a</strong></span> <span class='ocrx_word' id='word_1_191' title='bbox 720 2309 890 2341; x_wconf 79' lang='lat' dir='ltr'><strong>Lehmanno</strong></span> <span class='ocrx_word' id='word_1_192' title='bbox 925 2308 1065 2348; x_wconf 76' lang='lat' dir='ltr'><strong>praefixe)</strong></span> <span class='ocrx_word' id='word_1_193' title='bbox 1082 2321 1095 2352; x_wconf 29' lang='lat'><strong>:-</strong></span> <span class='ocrx_word' id='word_1_194' title='bbox 1121 2328 1135 2345; x_wconf 86' lang='lat'><strong>‚,</strong></span> <span class='ocrx_word' id='word_1_195' title='bbox 1149 2317 1218 2338; x_wconf 75' lang='lat' dir='ltr'><strong>nam</strong></span> <span class='ocrx_word' id='word_1_196' title='bbox 1244 2308 1414 2348; x_wconf 80' lang='lat' dir='ltr'><strong>Scepticmn</strong></span> <span class='ocrx_word' id='word_1_197' title='bbox 1437 2308 1527 2339; x_wconf 73' lang='lat' dir='ltr'><strong>suin·</strong></span> 
     </span>
     <span class='ocr_line' id='line_1_26' title="bbox 309 2371 1529 2414; baseline 0 -11"><span class='ocrx_word' id='word_1_198' title='bbox 309 2372 475 2411; x_wconf 60' lang='lat' dir='ltr'><strong>Nostrum,</strong></span> <span class='ocrx_word' id='word_1_199' title='bbox 505 2373 579 2405; x_wconf 74' lang='lat' dir='ltr'><strong>eatis</strong></span> <span class='ocrx_word' id='word_1_200' title='bbox 612 2373 731 2414; x_wconf 80' lang='lat' dir='ltr'><strong>prodit,</strong></span> <span class='ocrx_word' id='word_1_201' title='bbox 774 2374 934 2412; x_wconf 76' lang='lat' dir='ltr'><strong>utcmque</strong></span> <span class='ocrx_word' id='word_1_202' title='bbox 974 2372 1123 2414; x_wconf 79' lang='lat' dir='ltr'><strong>Soepticos</strong></span> <span class='ocrx_word' id='word_1_203' title='bbox 1147 2372 1222 2404; x_wconf 87' lang='lat' dir='ltr'><strong>belle</strong></span> <span class='ocrx_word' id='word_1_204' title='bbox 1245 2372 1381 2403; x_wconf 76' lang='lat' dir='ltr'><strong>traducat</strong></span> <span class='ocrx_word' id='word_1_205' title='bbox 1405 2372 1437 2402; x_wconf 80' lang='lat' dir='ltr'><strong>in</strong></span> <span class='ocrx_word' id='word_1_206' title='bbox 1468 2371 1529 2403; x_wconf 71' lang='lat' dir='ltr'><strong>rit.</strong></span> 
     </span>
     <span class='ocr_line' id='line_1_27' title="bbox 307 2436 907 2478; baseline 0.003 -11"><span class='ocrx_word' id='word_1_207' title='bbox 307 2436 398 2469; x_wconf 74' lang='lat' dir='ltr'><strong>Auet.</strong></span> <span class='ocrx_word' id='word_1_208' title='bbox 420 2446 448 2469; x_wconf 82' lang='lat' dir='ltr'><strong>c.</strong></span> <span class='ocrx_word' id='word_1_209' title='bbox 470 2437 521 2471; x_wconf 81' lang='lat'><strong>2⁷.</strong></span> <span class='ocrx_word' id='word_1_210' title='bbox 536 2440 551 2458; x_wconf 76' lang='lat'><strong>‘¹</strong></span> <span class='ocrx_word' id='word_1_211' title='bbox 580 2437 682 2469; x_wconf 82' lang='lat' dir='ltr'><strong>Jacob.</strong></span> <span class='ocrx_word' id='word_1_212' title='bbox 710 2437 730 2468; x_wconf 88' lang='lat'><strong>1.</strong></span> <span class='ocrx_word' id='word_1_213' title='bbox 757 2437 779 2469; x_wconf 92' lang='lat' dir='ltr'><strong>l.</strong></span> <span class='ocrx_word' id='word_1_214' title='bbox 800 2448 830 2478; x_wconf 84' lang='lat' dir='ltr'><strong>p.</strong></span> <span class='ocrx_word' id='word_1_215' title='bbox 856 2437 907 2469; x_wconf 79' lang='lat'><strong>85.</strong></span> 
     </span>
    </p>
   </div>
   <div class='ocr_carea' id='block_1_8' title="bbox 1339 2524 1366 2550">
    <p class='ocr_par' dir='ltr' id='par_1_11' title="bbox 1339 2524 1366 2550">
     <span class='ocr_line' id='line_1_28' title="bbox 1339 2524 1366 2550; baseline 0 0"><span class='ocrx_word' id='word_1_216' title='bbox 1339 2524 1366 2550; x_wconf 65' lang='lat'><strong>3(-</strong></span> 
     </span>
    </p>
   </div>
  </div>
 </body>
</html>
