1843 3071
953 253 1010 291 3ss

371 389 471 431 πολύ
531 390 682 441 μᾶλλον
724 393 812 441 ἐμοῦ
863 390 1096 440 ἀγνοοῦντες
1151 393 1177 441 ἥ
1229 389 1311 431 οὐδ’
1357 389 1456 438 ὅλως
1497 392 1596 432 ἄπε-

372 475 552 524 κρίνοντό
590 489 654 525 μοι
667 503 680 523 ,
725 476 778 519 ὠς
799 476 853 524 μὴ
883 472 1104 525 ἕλεγχοίντο
1128 473 1198 514 οὐκ
1225 472 1393 523 εἶδότες,
1420 477 1446 524 ἤ
1469 473 1598 524 ἄλλον

372 567 501 612 θύραν
526 561 614 602 ἄντ’
638 560 762 612 ἄλλης
786 561 1059 602 ἀπεδείκνυον.
1087 560 1240 601 οὐδέπω
1264 565 1359 609 γοῦν
1389 562 1456 601 καὶ
1479 565 1597 612 τήμε-

371 664 442 699 ρον
468 650 637 700 ἐξευρεῖν
666 650 876 702 δεδύνημαι
907 653 981 702 τὴν
1012 650 1155 702 οἰκίαις.
1183 666 1221 691 κ.
1248 665 1284 690 τ.
1313 648 1406 699 λμῑ)

428 733 523 772 Mox
549 738 677 772 tamen
705 734 831 787 prodit
856 734 1107 786 Philosophia,
1139 748 1251 785 quam
1274 733 1420 782 Virtus,
1438 734 1596 785 'stampe-

375 819 511 868 rantia‚
540 818 720 869 Justitia,
749 819 951 868 Eruditio,
979 823 1164 872 postremo
1191 819 1341 859 Veritas
1364 796 1595 871 prose—quun·

373 908 452 946 tur.
481 904 655 958 Ingenue
682 904 873 946 Lucianus
896 905 1038 946 fatetur
1062 919 1101 946 se
1115 905 1325 947 Veritatem
1340 919 1417 946 non
1435 917 1596 955 cernere,

342 971 346 976 ,
375 1004 492 1041 quam
517 991 714 1030 obscurius
741 991 797 1030 ita
823 991 1056 1030 indicaverat
1087 992 1355 1043 Philosophia:
1383 997 1410 1042 ἠ
1445 992 1598 1042 ἀμυδρὰ

374 1076 420 1117 δὲ
446 1078 545 1129 αὕτη
571 1078 637 1117 καὶ
660 1078 812 1129 ἀσαφὴς
837 1079 882 1117 τὸ
908 1079 1041 1130 χρῶμα
1065 1082 1092 1129 η’
1113 1077 1314 1129 Ἀλήθειά
1330 1081 1448 1119 ἔστιν.
1477 1076 1600 1117 Novis

375 1160 496 1212 igitur
522 1160 674 1201 indiciis
701 1161 912 1200 Veritatem
946 1161 1114 1201 Lucieno
1142 1161 1307 1201 ostendit
1338 1161 1598 1214 Philosophia:

375 1250 449 1296 τὴν
475 1246 775 1288 ἀκαλλώπιστον
803 1249 956 1298 ἐκείνην
983 1248 1054 1299 οὐχ
1084 1250 1199 1298 ὁρᾷς,
1226 1250 1299 1298 τὴν
1322 1251 1500 1298 γυμνὴν,
1526 1251 1598 1297 τὴν

373 1335 668 1383 ὑποφεύγουσαν
691 1335 752 1374 ἀεὶ
781 1336 847 1374 καὶ
876 1334 1193 1375 διολισθάνουσα.
1227 1333 1394 1373 Tandem
1411 1333 1477 1373 vix
1493 1332 1601 1373 illam

375 1417 562 1475 agnoscit:
590 1420 692 1469 Ὁρῶ
718 1422 790 1460 νῦν
815 1422 944 1471 μόγις.

431 1504 491 1544 Ex
542 1504 601 1544 his
636 1504 749 1545 dictis
789 1519 876 1545 cum
921 1506 1144 1546 Hermotimo
1171 1488 1319 1545 collatis
1347 1505 1464 1545 efficio
1477 1536 1489 1555 ‚
1518 1505 1596 1545 Lu-

375 1590 525 1631 cianum
562 1591 709 1631 nullam
740 1591 911 1644 probasse
938 1591 1231 1645 philosophiam,
1263 1590 1338 1631 imo
1370 1591 1417 1631 de
1443 1591 1602 1632 veritate

375 1677 603 1718 invenienda
631 1677 853 1731 desperasse.
911 1679 1009 1718 Sunt
1042 1678 1109 1729 qui
1139 1692 1184 1717 ex
1213 1692 1292 1731 cap.
1316 1681 1338 1717 6
1361 1682 1399 1717 et
1428 1680 1479 1717 30
1510 1692 1598 1717 oon·

376 1763 535 1802 trarium
564 1763 759 1813 affimant,
788 1776 948 1813 quorum
976 1764 1199 1802 sententiam
1217 1763 1387 1803 refellere
1404 1763 1601 1802 instituam

377 1845 420 1884 in
461 1858 503 1884 ea
542 1844 808 1898 disputationis
847 1850 975 1898 parte,
1016 1859 1089 1897 qua
1103 1876 1115 1895 ‚
1155 1847 1304 1898 qualem
1331 1846 1602 1900 philosophiam

376 1931 588 1971 laudaverit
615 1931 807 1971 Lucianus
820 1962 832 1980 ‚
872 1936 1089 1985 exponetur.

430 2017 587 2058 Nullibi
613 2031 702 2058 vero
729 2022 808 2058 tam
835 2022 962 2072 aperte
991 2017 1121 2058 odium
1145 2016 1186 2057 in
1214 2016 1486 2072 philosophiam
1514 2030 1599 2071 pro-

377 2104 495 2143 fessus
537 2108 593 2143 est
633 2118 745 2155 quam
774 2105 816 2143 in
854 2104 1026 2156 dialogo,
1062 2105 1128 2156 qui
1171 2106 1434 2157 Necyomantia
1470 2105 1602 2144 inscri-

376 2189 493 2230 bitur.
543 2190 671 2242 Hujus
698 2204 787 2230 vero
811 2190 902 2231 libri
928 2190 1040 2231 fidem
1066 2191 1180 2231 multi
1211 2191 1285 2232 viri
1315 2191 1417 2231 docti
1442 2190 1601 2230 addubi-

424 2395 455 2432 1)
479 2395 553 2435 Cap.
577 2396 629 2426 11.

423 2460 455 2498 2)
479 2461 551 2499 Gap.
579 2461 631 2491 16.
