1843 3071
971 232 1020 268 62

375 369 556 410 maximae
582 383 641 410 res
668 369 723 409 ita
739 368 1050 422 ¹splendidissima
1077 369 1191 409 etiam
1219 369 1374 426 ingenia
1396 386 1418 410 a
1436 373 1600 412 minimis

375 438 588 491 saepissime
615 438 901 492 proficiscuntur
927 438 1071 489 initiis,
1101 452 1262 492 quorum
1295 439 1457 494 vestigia
1483 440 1526 482 in
1553 441 1601 482 iis

377 524 474 562 quae
497 510 631 564 seriori
659 515 782 552 aetate
809 496 1054 564 scripserunt,
1084 512 1150 553 vix
1177 513 1405 554 invenerim

972 620 1020 662 V.

434 720 461 758 J
462 733 529 759 ure
557 720 721 760 Groteus
742 721 859 772 (Hist.
876 722 926 772 of
946 720 1095 772 Greeee,
1111 725 1201 763 tom.
1222 722 1281 763 VI
1295 737 1332 777 p.
1356 724 1451 777 336)
1468 723 1603 765 statuit
1633 747 1635 749 ·

378 792 420 832 in
463 791 639 831 concione
676 792 986 842 Atheniensium,
1031 807 1105 844 qua
1149 794 1197 833 de
1238 794 1364 834 insula
1396 795 1604 846 sphacteria

380 862 651 902 deliberaretur
682 863 812 914 (Thac.
842 862 910 902 lib.
937 863 1007 911 IV,
1035 877 1115 916 cap.
1140 864 1223 917 2⁷),
1251 877 1327 904 non
1353 864 1523 904 Oleontis
1540 863 1605 904 sed

380 931 516 972 Niciae
544 932 682 985 agendi
709 932 893 972 rationem
920 932 1036 974 fuisse
1064 933 1357 987 improbandam.

954 1042 1024 1083 VI.

435 1143 529 1182 Jure
555 1143 811 1194 Thucydidem
839 1143 886 1182 ob
915 1157 992 1182 rem
1019 1143 1117 1182 male
1145 1147 1288 1193 gestam
1307 1143 1602 1183 condemnarunt

381 1212 630 1252 Athenienses
660 1213 789 1265 (Thuc.
821 1213 888 1253 lib.
918 1213 999 1262 IV,
1028 1227 1107 1266 cap.
1139 1214 1218 1253 103
1249 1214 1321 1265 sq.)

950 1321 1042 1362 VH.

438 1423 554 1462 Recte
581 1424 753 1462 Plattner
785 1425 865 1474 (der
890 1425 1000 1462 Proc.
1032 1425 1087 1463 bei
1113 1425 1183 1464 den
1211 1407 1344 1475 Atap.
1364 1424 1458 1475 111)
1474 1422 1609 1462 statuit

385 1493 625 1545 συμβολαίοις
647 1494 759 1540 δίκας
787 1493 917 1545 (Thuc.
939 1492 1007 1533 lib.
1034 1493 1073 1541 I,
1094 1506 1173 1546 cap.
1194 1493 1260 1545 77)
1292 1506 1369 1532 esse
1387 1492 1493 1541 lita,
1514 1504 1610 1544 quae

385 1562 622 1614 pactionibus
648 1563 811 1615 publicis
839 1563 1030 1603 nituntur.

939 1673 1054 1713 VIII.

441 1771 536 1811 Jure
562 1771 779 1812 Bowlinson
814 1772 970 1824 (Herod.
1000 1773 1055 1813 th.
1085 1772 1150 1812 III
1177 1785 1215 1825 p.
1239 1773 1335 1823 356)
1366 1770 1499 1811 Grotei
1526 1783 1609 1810 sen-

386 1843 547 1882 tentiam
579 1843 773 1883 Perioecos
809 1847 893 1896 post
920 1843 1137 1896 Lycurgum
1171 1842 1357 1883 exstitisse
1389 1841 1610 1890 statuentis,

388 1913 522 1967 rejicit.
592 1910 594 1912 ¹

968 1985 1041 2025 IX.

444 2070 539 2111 Jure
592 2072 902 2111 Westermannus
953 2075 1068 2123 negat
1109 2070 1335 2120 orationem,
1383 2084 1479 2122 quae
1521 2073 1615 2121 πρὸς

390 2140 586 2195 ”Αφοβον
625 2143 971 2194 ψευδομαρτυριῶν
1000 2141 1235 2190 inscribitur,
1264 2141 1509 2181 Demostheni
1537 2154 1618 2180 ene

391 2211 642 2252 tribuendam.
1569 2214 1572 2215 ⁷

987 2283 1038 2324 X.

446 2371 561 2411 Recte
599 2372 761 2412 Stuveus
793 2370 1105 2423 Olynthiacarum
1127 2367 1338 2408 orationum
1371 2366 1525 2407 solitum
1556 2381 1614 2408 or-

392 2441 519 2482 dinem
561 2443 615 2482 ita
648 2443 866 2483 mutandam
900 2447 1047 2492 censet,
1082 2446 1127 2481 ut
1156 2440 1317 2481 secunda
1345 2444 1432 2479 ante
1460 2440 1616 2493 primam

392 2515 564 2563 ponatur.
