1843 3071
995 229 1018 266 8

1586 287 1588 289 ,
1654 264 1685 293 ,ι’-

392 384 508 409 annos
545 373 677 409 natum
720 373 826 422 pater
860 382 947 408 eum
975 368 1093 408 leviro
1136 368 1177 408 in
1219 368 1459 422 disciplinam
1492 370 1626 422 dedit,

392 462 437 496 ut
472 462 590 497 artem
623 456 840 495 statuariam
869 455 1028 494 disceret
1058 469 1133 505 qua
1162 455 1366 497 exercenda
1384 456 1529 496 victum
1548 457 1620 496 sibi

395 546 603 595 quaereret.
661 542 714 581 At
731 525 830 581 ‘mox
850 540 941 581 artis
965 540 1078 593 hujus
1104 539 1268 580 desertor
1296 539 1464 589 exstitit5
1494 541 1620 582 rhetor

395 632 433 665 et
472 627 637 679 sophista
669 627 790 665 factus
818 631 886 666 est.
944 627 1040 676 Quis
1070 627 1150 678 ejus
1179 626 1302 665 studia
1345 626 1522 678 magister
1559 639 1617 665 re-

396 710 512 761 xerit,
543 710 612 751 ubi
645 710 868 750 eruditionis
895 711 1039 763 copiam
1065 711 1205 751 rhetori
1235 715 1273 750 et
1292 710 1477 763 sophistae
1495 724 1620 750 neces-

396 796 529 836 sariam
572 796 643 836 sibi
689 796 977 849 comparaverit,
1012 796 1151 836 nullibi
1179 795 1306 835 tradit.
1364 795 1507 835 Itinera
1536 809 1622 835 eum

394 883 516 922 multa
549 883 679 922 fecisse
713 888 750 922 et
786 883 905 922 varias
934 883 1069 921 adiisse
1105 882 1276 933 regiones
1292 885 1342 933 ¹),
1368 882 1470 921 felici
1496 895 1621 921 rerum

396 980 564 1006 successu
604 968 775 1018 gavisum
809 981 886 1006 esse
920 971 958 1006 et
996 967 1096 1006 haud
1129 967 1209 1005 sine
1239 967 1351 1006 laude
1390 967 1430 1006 in
1464 967 1623 1018 patriam

396 1049 550 1089 rediisse
565 1050 595 1101 2)
626 1050 706 1103 ipse
734 1051 775 1090 in
805 1052 946 1091 Somnio
970 1054 1096 1112 aperte
1123 1054 1294 1091 testatur.

453 1135 596 1176 Eadem
638 1137 714 1175 fere
756 1141 881 1176 narrat
925 1137 966 1175 in
1010 1136 1158 1188 dialogo
1172 1168 1183 1185 ,
1214 1137 1281 1188 qui
1308 1137 1526 1177 inscribitur
1554 1138 1624 1177 Bis

399 1223 602 1262 Accusatus
643 1235 720 1274 cap.
771 1224 820 1262 27
871 1236 951 1273 sqq.
996 1222 1063 1262 ubi
1105 1236 1127 1261 a
1160 1222 1354 1262 Rhetorica
1397 1226 1576 1274 tanquam
1603 1238 1624 1262 a

400 1307 578 1345 derelicta
620 1321 734 1347 uxore
777 1321 843 1359 per
872 1308 1059 1346 fictionem
1083 1307 1218 1359 judicii
1245 1307 1386 1359 publici
1424 1314 1623 1358 κακώσεως

400 1396 594 1432 accusatur
608 1423 618 1440 ‚
661 1407 756 1444 quae
788 1394 881 1432 talia
909 1399 1037 1433 contra
1064 1393 1177 1432 illum
1203 1394 1368 1445 profert:
1407 1418 1427 1441 η
1437 1394 1525 1433 Mea
1557 1395 1623 1434 ille

401 1491 512 1530 opera
540 1477 660 1529 gloria
694 1482 732 1517 et
761 1478 906 1518 divitiis
936 1478 1097 1529 gaudet,
1137 1478 1276 1530 quippe
1305 1492 1400 1529 quae
1427 1478 1625 1518 admodum

401 1558 672 1598 adolescentem
685 1590 697 1608 ‚
740 1560 874 1611 lingua
910 1561 1031 1599 adhuc
1071 1560 1267 1599 barbarum
1281 1592 1292 1609 ‚
1340 1560 1436 1599 circa
1477 1560 1625 1600 Joniam

401 1645 634 1684 oberrantem
662 1650 699 1684 et
730 1646 822 1696 quid
849 1646 896 1685 de
925 1660 963 1684 se
991 1646 1071 1698 ipso
1099 1646 1236 1684 faceret
1263 1645 1443 1693 dubium,
1482 1647 1626 1698 suscepi

403 1733 517 1780 atque
545 1728 708 1768 institui.
752 1729 1044 1780 Quoquoversus
1062 1743 1148 1768 eum
1167 1733 1293 1768 secuta
1310 1743 1404 1778 sum,
1424 1734 1468 1768 ut
1487 1730 1628 1770 clarum

405 1818 443 1852 et
472 1814 638 1853 nobilem
665 1814 868 1853 redderem.
900 1816 953 1853 At-
986 1827 1081 1865 quae
1113 1814 1153 1852 in
1178 1813 1289 1852 Jonia
1315 1818 1352 1852 et
1372 1814 1527 1852 Graecia
1544 1814 1627 1865 feci,

405 1900 548 1938 modica
580 1905 669 1939 sunt-
681 1916 692 1947 ;
723 1901 878 1951 trajecto
906 1914 993 1938 vero
1024 1899 1156 1937 Jonieo
1187 1899 1272 1937 sinu
1294 1899 1334 1936 in
1348 1898 1499 1937 Italiam
1518 1899 1630 1938 illum

406 1987 533 2023 secuta
561 1997 655 2033 sum,
689 1984 729 2023 in
758 1983 887 2023 Gallia
917 1997 1002 2023 eum
1032 1981 1272 2035 locupletavi.
1331 1981 1371 2021 N
1372 1995 1446 2021 unc
1464 1994 1552 2022 vero
1571 1995 1629 2021 me

452 2198 482 2232 1)
508 2196 606 2225 Somn.
630 2205 691 2233 cap.
720 2196 779 2224 15:
803 2190 881 2227 ἀπὸ
924 2193 991 2237 τῆς
1030 2188 1081 2226 ’ἕω
1107 2188 1317 2237 ἀρξάμενος
1341 2189 1431 2236 ἄχρι
1459 2188 1551 2235 πρὸς
1581 2188 1630 2224 τὰ

408 2251 566 2301 ἑσπέρια
594 2266 630 2289 κ.
657 2265 692 2289 τ.
719 2248 755 2289 λ.

453 2320 482 2355 2)
508 2319 603 2348 Somn.
627 2327 680 2356 cap
705 2318 766 2347 18:
793 2308 871 2356 οἷος
911 2311 953 2350 δὲ
990 2312 1083 2360 πρὸς
1123 2311 1221 2359 ὑμᾶς
1262 2307 1560 2357 ἐπανελήλυθα,
1599 2310 1632 2346 εἷ

408 2375 472 2412 καὶ
537 2371 659 2422 μηδὲν
729 2370 845 2415 ἄλλο,
900 2370 1056 2415 οὐδενὸς
1107 2373 1201 2417 γοῦν
1264 2371 1343 2408 τῶν
1381 2367 1628 2417 λιθογλύφων

407 2434 644 2482 ἀδοξότερος.
691 2439 739 2478 Cf.
762 2438 918 2477 Apoloqia,
941 2447 1004 2476 cap.
1029 2438 1079 2468 15.
