1843 3071
944 243 997 281 44

347 393 460 432 quam
487 378 634 420 diversa
661 376 861 433 Euripides
890 376 938 418 de
964 376 1076 418 rebus
1102 375 1242 418 divinis
1254 376 1435 427 docuerit,
1450 392 1570 430 quum

345 466 452 506 nulla
471 467 567 518 legis
584 465 750 518 poeticae
768 463 966 504 necessitas
979 466 1143 515 urgeret,
1163 461 1367 504 clarissime
1382 462 1569 504 ostendat.

349 553 555 604 Desperata
602 564 713 590 causa
754 549 803 589 ad
848 553 1113 601 argumentum
1140 562 1186 589 ex
1213 548 1372 590 absurdo
1398 548 1570 601 confugit

344 637 518 677 Stoicus:
566 636 707 677 Omnes
748 635 869 689 igitur
910 639 1035 676 errant
1062 634 1216 690 populi,
1246 634 1328 688 qui¹
1342 639 1382 675 et
1408 634 1566 676 eredunt

343 737 422 763 esse
454 723 543 763 deos
571 727 610 763 et
637 723 725 763 illos
753 724 912 764 colunt?
941 724 1072 764 Darnis
1098 714 1317 776 respondet,
1346 725 1504 777 populos
1531 724 1564 763 si

343 808 426 849 ulla
454 808 529 849 alia
550 807 593 848 in
619 821 676 858 re,
707 807 748 848 iu
776 807 888 848 rebus
923 807 1061 849 divinis
1093 812 1193 849 certe
1224 809 1361 849 mirum
1379 813 1563 862 quantum

340 896 441 935 iuter
482 910 523 935 se
560 895 761 936 dissentiri.
819 895 935 934 Porro
960 908 1007 934 ex
1033 895 1194 935 oraculis
1222 896 1334 935 efficit
1359 896 1507 936 Stoicus
1525 899 1564 936 et

341 994 420 1020 esse
448 980 537 1019 deos
564 984 603 1020 et
618 979 817 1033 providere
834 979 1056 1019 mortalibus
1060 995 1073 1028 ς
1088 979 1319 1019 adversarius
1332 994 1421 1020 vero
1434 980 1565 1032 paucis

340 1065 520 1119 exemplis
551 1079 642 1106 usus
676 1064 828 1105 fallacia
860 1067 898 1104 et
925 1064 1080 1105 obseura
1104 1077 1182 1104 esse
1210 1063 1360 1105 oracula
1382 1064 1561 1107 ostendit.

339 1153 447 1193 Coeli
475 1152 600 1204 signa,
629 1151 792 1201 fulmen,
821 1151 978 1201 tonitru,
1012 1154 1134 1190 cetera
1162 1150 1244 1203 ejus
1273 1151 1420 1202 generis
1447 1155 1561 1191 testa-

338 1244 402 1281 tur
432 1239 639 1287 Rmocles3
664 1237 795 1278 Darnis
817 1241 944 1277 autem
971 1236 1068 1276 coeli
1095 1236 1215 1288 signis
1240 1235 1393 1277 minime
1413 1237 1562 1290 probari
1614 1272 1622 1288 ,

339 1323 474 1362 Jovem
509 1326 638 1361 tonare
673 1326 711 1361 et
738 1321 940 1360 fulminare
971 1324 1120 1368 monet3
1155 1320 1230 1359 alia
1255 1324 1363 1371 certe·
1379 1321 1562 1360 affirmant

339 1394 537 1447 Cretenses
590 1406 658 1457 qui
697 1406 804 1446 Jov'is
832 1406 1046 1457 sepulcrum
1071 1409 1289 1446 monstrant.
1345 1405 1429 1445 Iam
1456 1405 1562 1445 aliud

338 1495 602 1544 argumentum
629 1491 769 1543 profert
797 1490 956 1530 Stoicus.
985 1490 1041 1529 Ut
1069 1491 1197 1539 navis,
1212 1490 1287 1529 nisi
1302 1490 1561 1542 gubernatoris

336 1592 450 1618 manu
493 1581 647 1629 regatur
660 1608 673 1627 ,
707 1590 784 1616 non
810 1580 954 1616 rectum
981 1579 1088 1615 tenet
1114 1589 1287 1625 cursum,
1315 1575 1371 1615 ita
1396 1576 1560 1616 mundus

335 1664 416 1703 sine
458 1661 717 1714 gubernatoris
763 1675 833 1713 ope
873 1661 963 1701 ferri
1004 1675 1079 1700 non
1123 1665 1258 1713 potest.
1308 1661 1438 1701 Damis
1464 1662 1559 1702 hano
1625 1720 1628 1723 Δ

336 1743 648 1802 comparationem
673 1749 912 1788 vehementer
940 1746 1148 1787 claudicare
1174 1748 1394 1800 respondet:
1421 1748 1555 1800 guber-

335 1838 444 1874 nator
483 1834 584 1873 enim
626 1847 722 1885 quae
764 1832 905 1885 optima
938 1835 1027 1872 sunt
1053 1832 1141 1871 navi
1168 1832 1331 1872 consulit
1358 1837 1397 1872 et
1423 1838 1555 1885 param

334 1921 431 1963 nihil
479 1921 522 1961 in
564 1935 608 1968 ea
650 1919 755 1960 adest
798 1920 899 1972 quod
944 1920 1085 1960 inutile
1112 1924 1179 1961 aut
1206 1920 1386 1961 absonum
1413 1921 1488 1971 sit,
1517 1926 1557 1962 at

334 2006 518 2045 contraria
558 2019 708 2058 prorsus
754 2005 796 2044 in
836 2005 978 2044 mundo
1019 2006 1144 2045 locum
1170 2001 1174 2004 ’
1194 2005 1329 2045 habere
1373 2006 1554 2047 videmus.

332 2091 523 2130 Postremo
560 2090 707 2130 Stoicus
738 2090 780 2130 in
808 2090 1000 2142 angustias
1026 2090 1197 2131 redactus
1225 2091 1272 2131 ad
1298 2092 1556 2144 syllogismum

332 2178 528 2231 confugit:
573 2182 607 2219 εἰ
645 2181 718 2231 γάρ
757 2180 828 2219 εἶσὶ
871 2180 1009 2231 βωμοί,
1035 2180 1105 2220 εἶσὶ
1132 2180 1198 2219 καὶ
1225 2180 1323 2220 emi*
1349 2179 1452 2220 ἀλλὰ
1474 2183 1552 2233 μὴν

333 2267 403 2305 εἶσὶ
430 2267 568 2316 βωμοὶ,
595 2266 692 2308 εἶσὶν
705 2267 784 2317 ἄρα
799 2268 865 2306 καὶ
885 2266 973 2306 θεοί
990 2281 999 2305 :
1016 2278 1091 2316 quo
1105 2269 1325 2317 argumento
1340 2269 1552 2315 extenuato,

332 2348 457 2389 ridens
475 2348 634 2389 discedit
646 2350 797 2399 Darnis,
813 2364 925 2402 quem
939 2350 1121 2391 'rimooloe
1136 2350 1314 2391 conviciis
1328 2350 1551 2403 insequitur.

385 2433 513 2485 Negat
540 2435 661 2486 igitur
693 2436 895 2486 Lucianus,
924 2436 991 2487 qui
1023 2436 1093 2476 sub
1122 2436 1252 2476 Damis
1279 2450 1434 2489 persona
1447 2437 1552 2488 latet,
