<?xml version="1.0" encoding="UTF-8"?>
<!DOCTYPE html PUBLIC "-//W3C//DTD XHTML 1.0 Transitional//EN"
    "http://www.w3.org/TR/xhtml1/DTD/xhtml1-transitional.dtd">
<html xmlns="http://www.w3.org/1999/xhtml" xml:lang="en" lang="en">
 <head>
  <title>
</title>
<meta http-equiv="Content-Type" content="text/html;charset=utf-8" />
  <meta name='ocr-system' content='tesseract 3.04.00' />
  <meta name='ocr-capabilities' content='ocr_page ocr_carea ocr_par ocr_line ocrx_word'/>
</head>
<body>
  <div class='ocr_page' id='page_1' title='image "./4771417_0048.png"; bbox 0 0 1843 3071; ppageno 0'>
   <div class='ocr_carea' id='block_1_1' title="bbox 897 268 959 306">
    <p class='ocr_par' dir='ltr' id='par_1_1' title="bbox 897 268 959 306">
     <span class='ocr_line' id='line_1_1' title="bbox 897 268 959 306; baseline 0.065 -4"><span class='ocrx_word' id='word_1_1' title='bbox 897 268 959 306; x_wconf 25' lang='lat'><strong>⁴80</strong></span> 
     </span>
    </p>
   </div>
   <div class='ocr_carea' id='block_1_2' title="bbox 294 405 1545 2423">
    <p class='ocr_par' dir='ltr' id='par_1_2' title="bbox 303 405 1532 1310">
     <span class='ocr_line' id='line_1_2' title="bbox 308 405 1532 461; baseline 0 -12"><span class='ocrx_word' id='word_1_2' title='bbox 308 413 386 449; x_wconf 86' lang='lat' dir='ltr'><strong>tros</strong></span> <span class='ocrx_word' id='word_1_3' title='bbox 422 407 469 449; x_wconf 89' lang='lat' dir='ltr'><strong>ab</strong></span> <span class='ocrx_word' id='word_1_4' title='bbox 496 405 681 461; x_wconf 85' lang='lat' dir='ltr'><strong>imperitis</strong></span> <span class='ocrx_word' id='word_1_5' title='bbox 708 405 924 458; x_wconf 76' lang='lat' dir='ltr'>dignoscere</span> <span class='ocrx_word' id='word_1_6' title='bbox 955 417 1024 445; x_wconf 86' lang='lat' dir='ltr'><strong>nos</strong></span> <span class='ocrx_word' id='word_1_7' title='bbox 1049 408 1207 458; x_wconf 70' lang='lat' dir='ltr'><strong>oportet.</strong></span> <span class='ocrx_word' id='word_1_8' title='bbox 1264 405 1376 447; x_wconf 83' lang='lat' dir='ltr'><strong>Nihil</strong></span> <span class='ocrx_word' id='word_1_9' title='bbox 1411 406 1532 461; x_wconf 83' lang='lat' dir='ltr'><strong>igitur</strong></span> 
     </span>
     <span class='ocr_line' id='line_1_3' title="bbox 309 489 1529 542; baseline -0.001 -10"><span class='ocrx_word' id='word_1_10' title='bbox 309 493 418 532; x_wconf 86' lang='lat' dir='ltr'><strong>nobis</strong></span> <span class='ocrx_word' id='word_1_11' title='bbox 460 495 601 538; x_wconf 88' lang='lat' dir='ltr'><strong>restat,</strong></span> <span class='ocrx_word' id='word_1_12' title='bbox 647 490 722 528; x_wconf 90' lang='lat' dir='ltr'><strong>nisi</strong></span> <span class='ocrx_word' id='word_1_13' title='bbox 763 493 808 528; x_wconf 91' lang='lat' dir='ltr'><strong>ut</strong></span> <span class='ocrx_word' id='word_1_14' title='bbox 840 489 1063 540; x_wconf 81' lang='lat' dir='ltr'><strong>magistrum</strong></span> <span class='ocrx_word' id='word_1_15' title='bbox 1089 490 1326 530; x_wconf 84' lang='lat' dir='ltr'><strong>inveniamus</strong></span> <span class='ocrx_word' id='word_1_16' title='bbox 1339 520 1351 539; x_wconf 94' lang='lat'>,</span> <span class='ocrx_word' id='word_1_17' title='bbox 1381 491 1449 542; x_wconf 88' lang='lat' dir='ltr'><strong>qui</strong></span> <span class='ocrx_word' id='word_1_18' title='bbox 1481 492 1529 532; x_wconf 83' lang='lat' dir='ltr'><strong>de</strong></span> 
     </span>
     <span class='ocr_line' id='line_1_4' title="bbox 308 555 1531 629; baseline 0 -10"><span class='ocrx_word' id='word_1_19' title='bbox 308 578 623 619; x_wconf 77' lang='lat' dir='ltr'><strong>demonstratione</strong></span> <span class='ocrx_word' id='word_1_20' title='bbox 680 577 804 629; x_wconf 87' lang='lat' dir='ltr'><strong>deque</strong></span> <span class='ocrx_word' id='word_1_21' title='bbox 854 576 1054 617; x_wconf 85' lang='lat' dir='ltr'><strong>dubiorum</strong></span> <span class='ocrx_word' id='word_1_22' title='bbox 1101 576 1367 629; x_wconf 72' lang='lat' dir='ltr'><strong>dijudicatione</strong></span> <span class='ocrx_word' id='word_1_23' title='bbox 1412 555 1531 619; x_wconf 83' lang='lat' dir='ltr'><strong>artem</strong></span> 
     </span>
     <span class='ocr_line' id='line_1_5' title="bbox 308 660 1529 717; baseline -0.001 -12"><span class='ocrx_word' id='word_1_24' title='bbox 308 678 422 717; x_wconf 88' lang='lat' dir='ltr'><strong>quam</strong></span> <span class='ocrx_word' id='word_1_25' title='bbox 475 662 577 703; x_wconf 90' lang='lat' dir='ltr'><strong>norit</strong></span> <span class='ocrx_word' id='word_1_26' title='bbox 628 676 696 703; x_wconf 88' lang='lat' dir='ltr'><strong>nos</strong></span> <span class='ocrx_word' id='word_1_27' title='bbox 751 660 884 702; x_wconf 82' lang='lat' dir='ltr'><strong>doceat</strong></span> <span class='ocrx_word' id='word_1_28' title='bbox 896 677 908 711; x_wconf 74' lang='grc' dir='ltr'><strong><em>ς</em></strong></span> <span class='ocrx_word' id='word_1_29' title='bbox 958 675 1077 714; x_wconf 90' lang='lat' dir='ltr'><strong>quum</strong></span> <span class='ocrx_word' id='word_1_30' title='bbox 1117 676 1205 703; x_wconf 88' lang='lat' dir='ltr'><strong>vero</strong></span> <span class='ocrx_word' id='word_1_31' title='bbox 1245 662 1319 717; x_wconf 80' lang='lat' dir='ltr'><strong>ipsi</strong></span> <span class='ocrx_word' id='word_1_32' title='bbox 1363 663 1426 703; x_wconf 90' lang='lat' dir='ltr'><strong>illi</strong></span> <span class='ocrx_word' id='word_1_33' title='bbox 1458 664 1529 704; x_wconf 91' lang='lat' dir='ltr'><strong>hoc</strong></span> 
     </span>
     <span class='ocr_line' id='line_1_6' title="bbox 307 725 1531 802; baseline 0.001 -13"><span class='ocrx_word' id='word_1_34' title='bbox 307 750 354 789; x_wconf 85' lang='lat' dir='ltr'><strong>de</strong></span> <span class='ocrx_word' id='word_1_35' title='bbox 408 764 448 789; x_wconf 88' lang='lat' dir='ltr'><strong>se</strong></span> <span class='ocrx_word' id='word_1_36' title='bbox 505 749 698 802; x_wconf 83' lang='lat' dir='ltr'><strong>profitenti</strong></span> <span class='ocrx_word' id='word_1_37' title='bbox 751 748 901 788; x_wconf 84' lang='lat' dir='ltr'><strong>credere</strong></span> <span class='ocrx_word' id='word_1_38' title='bbox 957 762 1034 788; x_wconf 87' lang='lat' dir='ltr'><strong>non</strong></span> <span class='ocrx_word' id='word_1_39' title='bbox 1083 748 1197 788; x_wconf 90' lang='lat' dir='ltr'><strong>liceat</strong></span> <span class='ocrx_word' id='word_1_40' title='bbox 1210 779 1222 798; x_wconf 94' lang='lat'><em>‚</em></span> <span class='ocrx_word' id='word_1_41' title='bbox 1275 749 1372 789; x_wconf 88' lang='lat' dir='ltr'><strong>alter</strong></span> <span class='ocrx_word' id='word_1_42' title='bbox 1423 725 1531 792; x_wconf 77' lang='lat' dir='ltr'><strong>nobis</strong></span> 
     </span>
     <span class='ocr_line' id='line_1_7' title="bbox 307 832 1530 887; baseline 0 -13"><span class='ocrx_word' id='word_1_43' title='bbox 307 833 542 874; x_wconf 81' lang='lat' dir='ltr'><strong>adhibendus</strong></span> <span class='ocrx_word' id='word_1_44' title='bbox 592 833 666 873; x_wconf 85' lang='lat' dir='ltr'><strong>erit</strong></span> <span class='ocrx_word' id='word_1_45' title='bbox 678 863 691 882; x_wconf 89' lang='lat'>,</span> <span class='ocrx_word' id='word_1_46' title='bbox 736 832 804 885; x_wconf 87' lang='lat' dir='ltr'><strong>qui</strong></span> <span class='ocrx_word' id='word_1_47' title='bbox 846 835 977 873; x_wconf 88' lang='lat' dir='ltr'><strong>utrum</strong></span> <span class='ocrx_word' id='word_1_48' title='bbox 1020 846 1109 873; x_wconf 85' lang='lat' dir='ltr'><strong>vera</strong></span> <span class='ocrx_word' id='word_1_49' title='bbox 1154 832 1202 872; x_wconf 83' lang='lat' dir='ltr'><strong>de</strong></span> <span class='ocrx_word' id='word_1_50' title='bbox 1247 847 1287 873; x_wconf 87' lang='lat' dir='ltr'><strong>se</strong></span> <span class='ocrx_word' id='word_1_51' title='bbox 1311 834 1530 887; x_wconf 86' lang='lat' dir='ltr'><strong>profiteatur</strong></span> 
     </span>
     <span class='ocr_line' id='line_1_8' title="bbox 305 917 1528 972; baseline 0.002 -13"><span class='ocrx_word' id='word_1_52' title='bbox 305 919 483 972; x_wconf 85' lang='lat' dir='ltr'><strong>magister</strong></span> <span class='ocrx_word' id='word_1_53' title='bbox 528 919 596 958; x_wconf 83' lang='lat' dir='ltr'><strong>isse</strong></span> <span class='ocrx_word' id='word_1_54' title='bbox 619 931 738 958; x_wconf 83' lang='lat' dir='ltr'><strong>necne</strong></span> <span class='ocrx_word' id='word_1_55' title='bbox 764 917 969 970; x_wconf 81' lang='lat' dir='ltr'><strong>dijudicare</strong></span> <span class='ocrx_word' id='word_1_56' title='bbox 995 917 1113 971; x_wconf 80' lang='lat' dir='ltr'><strong>possit</strong></span> <span class='ocrx_word' id='word_1_57' title='bbox 1123 934 1136 968; x_wconf 68' lang='grc' dir='ltr'><strong><em>ς</em></strong></span> <span class='ocrx_word' id='word_1_58' title='bbox 1165 918 1221 958; x_wconf 92' lang='lat' dir='ltr'><strong>ita</strong></span> <span class='ocrx_word' id='word_1_59' title='bbox 1244 922 1371 959; x_wconf 85' lang='lat' dir='ltr'><strong>autem</strong></span> <span class='ocrx_word' id='word_1_60' title='bbox 1399 919 1528 962; x_wconf 81' lang='lat' dir='ltr'><strong>eadem</strong></span> 
     </span>
     <span class='ocr_line' id='line_1_9' title="bbox 305 1002 1527 1056; baseline 0.001 -12"><span class='ocrx_word' id='word_1_61' title='bbox 305 1018 425 1056; x_wconf 85' lang='lat' dir='ltr'><strong>usque</strong></span> <span class='ocrx_word' id='word_1_62' title='bbox 467 1007 634 1043; x_wconf 87' lang='lat' dir='ltr'><strong>recurret</strong></span> <span class='ocrx_word' id='word_1_63' title='bbox 676 1002 888 1043; x_wconf 81' lang='lat' dir='ltr'><strong>difficultas.</strong></span> <span class='ocrx_word' id='word_1_64' title='bbox 946 1003 1138 1043; x_wconf 85' lang='lat' dir='ltr'><strong>Postremo</strong></span> <span class='ocrx_word' id='word_1_65' title='bbox 1177 1004 1418 1056; x_wconf 74' lang='lat' dir='ltr'><strong>philosophos</strong></span> <span class='ocrx_word' id='word_1_66' title='bbox 1456 1006 1527 1045; x_wconf 80' lang='lat' dir='ltr'><strong>tali</strong></span> 
     </span>
     <span class='ocr_line' id='line_1_10' title="bbox 304 1081 1527 1141; baseline 0.001 -15"><span class='ocrx_word' id='word_1_67' title='bbox 304 1087 594 1139; x_wconf 84' lang='lat' dir='ltr'><strong>argumentandi</strong></span> <span class='ocrx_word' id='word_1_68' title='bbox 640 1086 786 1125; x_wconf 86' lang='lat' dir='ltr'><strong>ratione</strong></span> <span class='ocrx_word' id='word_1_69' title='bbox 813 1086 874 1126; x_wconf 88' lang='lat' dir='ltr'><strong>uti</strong></span> <span class='ocrx_word' id='word_1_70' title='bbox 902 1087 995 1128; x_wconf 86' lang='lat' dir='ltr'><strong>dicit</strong></span> <span class='ocrx_word' id='word_1_71' title='bbox 1008 1117 1021 1136; x_wconf 89' lang='lat'>‚</span> <span class='ocrx_word' id='word_1_72' title='bbox 1051 1101 1125 1138; x_wconf 91' lang='lat' dir='ltr'><strong>qua</strong></span> <span class='ocrx_word' id='word_1_73' title='bbox 1162 1092 1228 1128; x_wconf 87' lang='lat' dir='ltr'><strong>aut</strong></span> <span class='ocrx_word' id='word_1_74' title='bbox 1256 1089 1303 1128; x_wconf 90' lang='lat' dir='ltr'><strong>ab</strong></span> <span class='ocrx_word' id='word_1_75' title='bbox 1330 1081 1527 1141; x_wconf 80' lang='lat' dir='ltr'><strong>principiis</strong></span> 
     </span>
     <span class='ocr_line' id='line_1_11' title="bbox 304 1170 1526 1230; baseline 0.001 -19"><span class='ocrx_word' id='word_1_76' title='bbox 304 1171 459 1211; x_wconf 84' lang='lat' dir='ltr'><strong>minime</strong></span> <span class='ocrx_word' id='word_1_77' title='bbox 504 1170 617 1210; x_wconf 89' lang='lat' dir='ltr'><strong>certis</strong></span> <span class='ocrx_word' id='word_1_78' title='bbox 657 1170 937 1230; x_wconf 71' lang='lat' dir='ltr'><strong>proficiscantur</strong></span> <span class='ocrx_word' id='word_1_79' title='bbox 948 1201 961 1220; x_wconf 89' lang='lat'>‚</span> <span class='ocrx_word' id='word_1_80' title='bbox 1000 1174 1067 1211; x_wconf 92' lang='lat' dir='ltr'><strong>aut</strong></span> <span class='ocrx_word' id='word_1_81' title='bbox 1103 1171 1247 1213; x_wconf 85' lang='lat' dir='ltr'><strong>incerta</strong></span> <span class='ocrx_word' id='word_1_82' title='bbox 1291 1176 1330 1212; x_wconf 91' lang='lat' dir='ltr'><strong>et</strong></span> <span class='ocrx_word' id='word_1_83' title='bbox 1371 1172 1526 1212; x_wconf 88' lang='lat' dir='ltr'><strong>obscura</strong></span> 
     </span>
     <span class='ocr_line' id='line_1_12' title="bbox 303 1256 1112 1310; baseline -0.001 -12"><span class='ocrx_word' id='word_1_84' title='bbox 303 1272 390 1298; x_wconf 91' lang='lat' dir='ltr'><strong>cum</strong></span> <span class='ocrx_word' id='word_1_85' title='bbox 417 1256 624 1310; x_wconf 83' lang='lat' dir='ltr'><strong>perspicuis</strong></span> <span class='ocrx_word' id='word_1_86' title='bbox 657 1259 696 1295; x_wconf 84' lang='lat' dir='ltr'><strong>et</strong></span> <span class='ocrx_word' id='word_1_87' title='bbox 726 1256 892 1308; x_wconf 83' lang='lat' dir='ltr'><strong>probatis</strong></span> <span class='ocrx_word' id='word_1_88' title='bbox 919 1256 1112 1298; x_wconf 76' lang='lat' dir='ltr'><strong>misceant,</strong></span> 
     </span>
    </p>

    <p class='ocr_par' dir='ltr' id='par_1_3' title="bbox 294 1345 1545 2423">
     <span class='ocr_line' id='line_1_13' title="bbox 358 1345 1525 1399; baseline 0.002 -14"><span class='ocrx_word' id='word_1_89' title='bbox 358 1346 432 1386; x_wconf 84' lang='lat' dir='ltr'><strong>His</strong></span> <span class='ocrx_word' id='word_1_90' title='bbox 470 1346 667 1399; x_wconf 83' lang='lat' dir='ltr'><strong>expositis,</strong></span> <span class='ocrx_word' id='word_1_91' title='bbox 710 1345 988 1386; x_wconf 78' lang='lat' dir='ltr'><strong>Hermotimum</strong></span> <span class='ocrx_word' id='word_1_92' title='bbox 1021 1360 1147 1386; x_wconf 86' lang='lat' dir='ltr'><strong>senem</strong></span> <span class='ocrx_word' id='word_1_93' title='bbox 1188 1346 1247 1387; x_wconf 90' lang='lat' dir='ltr'><strong>his</strong></span> <span class='ocrx_word' id='word_1_94' title='bbox 1287 1347 1364 1387; x_wconf 85' lang='lat' dir='ltr'><strong>fere</strong></span> <span class='ocrx_word' id='word_1_95' title='bbox 1401 1346 1525 1387; x_wconf 79' lang='lat' dir='ltr'><strong>verbis</strong></span> 
     </span>
     <span class='ocr_line' id='line_1_14' title="bbox 304 1429 1525 1488; baseline 0 -17"><span class='ocrx_word' id='word_1_96' title='bbox 304 1431 542 1471; x_wconf 84' lang='lat' dir='ltr'><strong>consolatur:</strong></span> <span class='ocrx_word' id='word_1_97' title='bbox 581 1430 674 1476; x_wconf 83' lang='lat' dir='ltr'><strong>Non</strong></span> <span class='ocrx_word' id='word_1_98' title='bbox 700 1434 746 1469; x_wconf 88' lang='lat' dir='ltr'><strong>tu</strong></span> <span class='ocrx_word' id='word_1_99' title='bbox 783 1429 885 1488; x_wconf 88' lang='lat' dir='ltr'><strong>solus</strong></span> <span class='ocrx_word' id='word_1_100' title='bbox 912 1443 934 1469; x_wconf 92' lang='lat' dir='ltr'><strong>a</strong></span> <span class='ocrx_word' id='word_1_101' title='bbox 969 1429 1127 1483; x_wconf 82' lang='lat' dir='ltr'><strong>speratis</strong></span> <span class='ocrx_word' id='word_1_102' title='bbox 1151 1429 1232 1469; x_wconf 85' lang='lat' dir='ltr'><strong>illis</strong></span> <span class='ocrx_word' id='word_1_103' title='bbox 1258 1430 1366 1470; x_wconf 85' lang='lat' dir='ltr'><strong>bonis</strong></span> <span class='ocrx_word' id='word_1_104' title='bbox 1394 1430 1525 1484; x_wconf 78' lang='lat' dir='ltr'><strong>procul</strong></span> 
     </span>
     <span class='ocr_line' id='line_1_15' title="bbox 303 1514 1525 1569; baseline -0.002 -12"><span class='ocrx_word' id='word_1_105' title='bbox 303 1531 447 1566; x_wconf 84' lang='lat' dir='ltr'><strong>manes,</strong></span> <span class='ocrx_word' id='word_1_106' title='bbox 468 1516 533 1555; x_wconf 86' lang='lat' dir='ltr'><strong>sed</strong></span> <span class='ocrx_word' id='word_1_107' title='bbox 551 1528 678 1555; x_wconf 86' lang='lat' dir='ltr'><strong>omnes</strong></span> <span class='ocrx_word' id='word_1_108' title='bbox 697 1518 883 1566; x_wconf 80' lang='lat' dir='ltr'><strong>quotquot</strong></span> <span class='ocrx_word' id='word_1_109' title='bbox 900 1515 1213 1569; x_wconf 76' lang='lat' dir='ltr'><strong>philosophantur</strong></span> <span class='ocrx_word' id='word_1_110' title='bbox 1237 1516 1344 1568; x_wconf 83' lang='lat' dir='ltr'><strong>quasi</strong></span> <span class='ocrx_word' id='word_1_111' title='bbox 1363 1515 1411 1555; x_wconf 84' lang='lat' dir='ltr'><strong>de</strong></span> <span class='ocrx_word' id='word_1_112' title='bbox 1430 1514 1525 1555; x_wconf 82' lang='lat' dir='ltr'><strong>asini</strong></span> 
     </span>
     <span class='ocr_line' id='line_1_16' title="bbox 300 1599 1522 1655; baseline -0.002 -11"><span class='ocrx_word' id='word_1_113' title='bbox 300 1602 432 1644; x_wconf 85' lang='lat' dir='ltr'><strong>umbra</strong></span> <span class='ocrx_word' id='word_1_114' title='bbox 454 1601 557 1642; x_wconf 86' lang='lat' dir='ltr'><strong>inter</strong></span> <span class='ocrx_word' id='word_1_115' title='bbox 580 1613 619 1641; x_wconf 85' lang='lat' dir='ltr'><strong>se</strong></span> <span class='ocrx_word' id='word_1_116' title='bbox 637 1602 822 1655; x_wconf 82' lang='lat' dir='ltr'><strong>pugnant.</strong></span> <span class='ocrx_word' id='word_1_117' title='bbox 878 1599 969 1640; x_wconf 91' lang='lat' dir='ltr'><strong>Non</strong></span> <span class='ocrx_word' id='word_1_118' title='bbox 996 1600 1098 1640; x_wconf 86' lang='lat' dir='ltr'><strong>enim</strong></span> <span class='ocrx_word' id='word_1_119' title='bbox 1124 1600 1255 1641; x_wconf 85' lang='lat' dir='ltr'><strong>datum</strong></span> <span class='ocrx_word' id='word_1_120' title='bbox 1285 1604 1342 1640; x_wconf 80' lang='lat' dir='ltr'><strong>eat</strong></span> <span class='ocrx_word' id='word_1_121' title='bbox 1361 1600 1522 1651; x_wconf 85' lang='lat' dir='ltr'><strong>homini,</strong></span> 
     </span>
     <span class='ocr_line' id='line_1_17' title="bbox 301 1668 1545 1740; baseline 0 -12"><span class='ocrx_word' id='word_1_122' title='bbox 301 1693 347 1728; x_wconf 86' lang='lat' dir='ltr'><strong>ut</strong></span> <span class='ocrx_word' id='word_1_123' title='bbox 371 1694 450 1728; x_wconf 88' lang='lat' dir='ltr'><strong>tam</strong></span> <span class='ocrx_word' id='word_1_124' title='bbox 481 1689 624 1727; x_wconf 88' lang='lat' dir='ltr'><strong>elatum</strong></span> <span class='ocrx_word' id='word_1_125' title='bbox 651 1701 804 1740; x_wconf 82' lang='lat' dir='ltr'><strong>scopum</strong></span> <span class='ocrx_word' id='word_1_126' title='bbox 832 1686 970 1726; x_wconf 87' lang='lat' dir='ltr'><strong>mentis</strong></span> <span class='ocrx_word' id='word_1_127' title='bbox 997 1686 1076 1726; x_wconf 87' lang='lat' dir='ltr'><strong>acie</strong></span> <span class='ocrx_word' id='word_1_128' title='bbox 1104 1687 1282 1740; x_wconf 81' lang='lat' dir='ltr'><strong>attingat.</strong></span> <span class='ocrx_word' id='word_1_129' title='bbox 1343 1688 1385 1728; x_wconf 92' lang='lat' dir='ltr'>N</span> <span class='ocrx_word' id='word_1_130' title='bbox 1386 1701 1407 1727; x_wconf 86' lang='lat' dir='ltr'><strong>e</strong></span> <span class='ocrx_word' id='word_1_131' title='bbox 1434 1701 1522 1729; x_wconf 84' lang='lat' dir='ltr'><strong>vero</strong></span> <span class='ocrx_word' id='word_1_132' title='bbox 1542 1668 1545 1671; x_wconf 15' lang='grc' dir='ltr'><em>Α</em></span> 
     </span>
     <span class='ocr_line' id='line_1_18' title="bbox 301 1771 1520 1828; baseline 0.001 -15"><span class='ocrx_word' id='word_1_133' title='bbox 301 1777 498 1828; x_wconf 84' lang='lat' dir='ltr'><strong>propterea</strong></span> <span class='ocrx_word' id='word_1_134' title='bbox 525 1771 619 1812; x_wconf 85' lang='lat' dir='ltr'><strong>mihi</strong></span> <span class='ocrx_word' id='word_1_135' title='bbox 644 1771 819 1823; x_wconf 81' lang='lat' dir='ltr'><strong>irascare,</strong></span> <span class='ocrx_word' id='word_1_136' title='bbox 846 1771 914 1823; x_wconf 91' lang='lat' dir='ltr'><strong>qui</strong></span> <span class='ocrx_word' id='word_1_137' title='bbox 945 1775 985 1811; x_wconf 89' lang='lat' dir='ltr'><strong>te</strong></span> <span class='ocrx_word' id='word_1_138' title='bbox 1013 1785 1060 1812; x_wconf 83' lang='lat' dir='ltr'><strong>ex</strong></span> <span class='ocrx_word' id='word_1_139' title='bbox 1087 1772 1193 1812; x_wconf 85' lang='lat' dir='ltr'><strong>dulci</strong></span> <span class='ocrx_word' id='word_1_140' title='bbox 1221 1772 1363 1813; x_wconf 83' lang='lat' dir='ltr'><strong>somnio</strong></span> <span class='ocrx_word' id='word_1_141' title='bbox 1383 1773 1520 1814; x_wconf 80' lang='lat' dir='ltr'><strong>excita-</strong></span> 
     </span>
     <span class='ocr_line' id='line_1_19' title="bbox 299 1856 1521 1911; baseline 0 -14"><span class='ocrx_word' id='word_1_142' title='bbox 299 1859 431 1898; x_wconf 83' lang='lat' dir='ltr'><strong>verim.</strong></span> <span class='ocrx_word' id='word_1_143' title='bbox 461 1857 608 1896; x_wconf 84' lang='lat' dir='ltr'><strong>Erroris</strong></span> <span class='ocrx_word' id='word_1_144' title='bbox 631 1870 742 1895; x_wconf 84' lang='lat' dir='ltr'><strong>causa</strong></span> <span class='ocrx_word' id='word_1_145' title='bbox 755 1857 855 1894; x_wconf 81' lang='lat' dir='ltr'><strong>&#39;haec</strong></span> <span class='ocrx_word' id='word_1_146' title='bbox 875 1870 952 1895; x_wconf 84' lang='lat' dir='ltr'><strong>esse</strong></span> <span class='ocrx_word' id='word_1_147' title='bbox 972 1856 1067 1895; x_wconf 91' lang='lat' dir='ltr'><strong>mihi</strong></span> <span class='ocrx_word' id='word_1_148' title='bbox 1090 1857 1266 1897; x_wconf 79' lang='lat' dir='ltr'><strong>videtur:</strong></span> <span class='ocrx_word' id='word_1_149' title='bbox 1288 1871 1384 1909; x_wconf 89' lang='lat' dir='ltr'><strong>quae</strong></span> <span class='ocrx_word' id='word_1_150' title='bbox 1401 1858 1521 1911; x_wconf 87' lang='lat' dir='ltr'><strong>prima</strong></span> 
     </span>
     <span class='ocr_line' id='line_1_20' title="bbox 297 1942 1521 1996; baseline -0.002 -11"><span class='ocrx_word' id='word_1_151' title='bbox 297 1945 475 1996; x_wconf 86' lang='lat' dir='ltr'><strong>magister</strong></span> <span class='ocrx_word' id='word_1_152' title='bbox 507 1942 580 1984; x_wconf 92' lang='lat' dir='ltr'><strong>tibi</strong></span> <span class='ocrx_word' id='word_1_153' title='bbox 609 1942 766 1983; x_wconf 77' lang='lat' dir='ltr'><strong>tradidit</strong></span> <span class='ocrx_word' id='word_1_154' title='bbox 791 1943 885 1983; x_wconf 81' lang='lat' dir='ltr'><strong>falsa</strong></span> <span class='ocrx_word' id='word_1_155' title='bbox 911 1947 1043 1992; x_wconf 55' lang='lat' dir='ltr'><strong>eruum</strong></span> <span class='ocrx_word' id='word_1_156' title='bbox 1072 1947 1117 1983; x_wconf 89' lang='lat' dir='ltr'><strong>tu</strong></span> <span class='ocrx_word' id='word_1_157' title='bbox 1146 1946 1294 1993; x_wconf 89' lang='lat' dir='ltr'><strong>autem,</strong></span> <span class='ocrx_word' id='word_1_158' title='bbox 1323 1957 1410 1983; x_wconf 88' lang='lat' dir='ltr'><strong>cum</strong></span> <span class='ocrx_word' id='word_1_159' title='bbox 1448 1943 1521 1983; x_wconf 84' lang='lat' dir='ltr'><strong>ista</strong></span> 
     </span>
     <span class='ocr_line' id='line_1_21' title="bbox 298 2028 1520 2084; baseline -0.002 -13"><span class='ocrx_word' id='word_1_160' title='bbox 298 2046 375 2071; x_wconf 88' lang='lat' dir='ltr'><strong>non</strong></span> <span class='ocrx_word' id='word_1_161' title='bbox 401 2031 457 2070; x_wconf 88' lang='lat' dir='ltr'><strong>ita</strong></span> <span class='ocrx_word' id='word_1_162' title='bbox 483 2034 529 2070; x_wconf 93' lang='lat' dir='ltr'><strong>ut</strong></span> <span class='ocrx_word' id='word_1_163' title='bbox 558 2043 625 2084; x_wconf 85' lang='lat' dir='ltr'><strong>par</strong></span> <span class='ocrx_word' id='word_1_164' title='bbox 652 2030 774 2070; x_wconf 84' lang='lat' dir='ltr'><strong>fuerat</strong></span> <span class='ocrx_word' id='word_1_165' title='bbox 802 2029 1078 2083; x_wconf 79' lang='lat' dir='ltr'><strong>exploravisses,</strong></span> <span class='ocrx_word' id='word_1_166' title='bbox 1105 2033 1234 2083; x_wconf 84' lang='lat' dir='ltr'><strong>postea</strong></span> <span class='ocrx_word' id='word_1_167' title='bbox 1258 2028 1520 2069; x_wconf 82' lang='lat' dir='ltr'><strong>absurdissima</strong></span> 
     </span>
     <span class='ocr_line' id='line_1_22' title="bbox 298 2115 1518 2169; baseline 0 -14"><span class='ocrx_word' id='word_1_168' title='bbox 298 2130 469 2169; x_wconf 87' lang='lat' dir='ltr'><strong>quaeque</strong></span> <span class='ocrx_word' id='word_1_169' title='bbox 482 2146 494 2165; x_wconf 93' lang='lat'><em>,</em></span> <span class='ocrx_word' id='word_1_170' title='bbox 538 2116 737 2155; x_wconf 82' lang='lat' dir='ltr'><strong>dummodo</strong></span> <span class='ocrx_word' id='word_1_171' title='bbox 774 2129 859 2154; x_wconf 91' lang='lat' dir='ltr'><strong>cum</strong></span> <span class='ocrx_word' id='word_1_172' title='bbox 886 2115 1017 2168; x_wconf 86' lang='lat' dir='ltr'><strong>primis</strong></span> <span class='ocrx_word' id='word_1_173' title='bbox 1047 2115 1127 2153; x_wconf 86' lang='lat' dir='ltr'><strong>illis</strong></span> <span class='ocrx_word' id='word_1_174' title='bbox 1153 2116 1421 2164; x_wconf 83' lang='lat' dir='ltr'><strong>consentirent,</strong></span> <span class='ocrx_word' id='word_1_175' title='bbox 1450 2129 1518 2169; x_wconf 86' lang='lat' dir='ltr'><strong>pro</strong></span> 
     </span>
     <span class='ocr_line' id='line_1_23' title="bbox 296 2199 1518 2254; baseline -0.001 -14"><span class='ocrx_word' id='word_1_176' title='bbox 296 2202 397 2241; x_wconf 88' lang='lat' dir='ltr'><strong>veris</strong></span> <span class='ocrx_word' id='word_1_177' title='bbox 425 2201 604 2242; x_wconf 86' lang='lat' dir='ltr'><strong>habuisti.</strong></span> <span class='ocrx_word' id='word_1_178' title='bbox 650 2200 772 2240; x_wconf 76' lang='lat' dir='ltr'><strong>Multi</strong></span> <span class='ocrx_word' id='word_1_179' title='bbox 795 2204 917 2240; x_wconf 88' lang='lat' dir='ltr'><strong>aetate</strong></span> <span class='ocrx_word' id='word_1_180' title='bbox 940 2200 1200 2254; x_wconf 77' lang='lat' dir='ltr'><strong>provectiores,</strong></span> <span class='ocrx_word' id='word_1_181' title='bbox 1230 2200 1301 2240; x_wconf 86' lang='lat' dir='ltr'><strong>etsi</strong></span> <span class='ocrx_word' id='word_1_182' title='bbox 1321 2214 1360 2240; x_wconf 87' lang='lat' dir='ltr'><strong>se</strong></span> <span class='ocrx_word' id='word_1_183' title='bbox 1385 2199 1518 2254; x_wconf 84' lang='lat' dir='ltr'><strong>decep-</strong></span> 
     </span>
     <span class='ocr_line' id='line_1_24' title="bbox 295 2284 1518 2339; baseline -0.001 -15"><span class='ocrx_word' id='word_1_184' title='bbox 295 2289 353 2325; x_wconf 85' lang='lat' dir='ltr'><strong>tos</strong></span> <span class='ocrx_word' id='word_1_185' title='bbox 396 2298 474 2324; x_wconf 83' lang='lat' dir='ltr'><strong>esse</strong></span> <span class='ocrx_word' id='word_1_186' title='bbox 515 2299 537 2324; x_wconf 88' lang='lat' dir='ltr'><strong>a</strong></span> <span class='ocrx_word' id='word_1_187' title='bbox 578 2284 809 2339; x_wconf 81' lang='lat' dir='ltr'><strong>philosophis</strong></span> <span class='ocrx_word' id='word_1_188' title='bbox 854 2284 968 2338; x_wconf 84' lang='lat' dir='ltr'><strong>probe</strong></span> <span class='ocrx_word' id='word_1_189' title='bbox 1013 2284 1159 2334; x_wconf 86' lang='lat' dir='ltr'><strong>sciunt,</strong></span> <span class='ocrx_word' id='word_1_190' title='bbox 1199 2287 1345 2333; x_wconf 83' lang='lat' dir='ltr'><strong>tacent,</strong></span> <span class='ocrx_word' id='word_1_191' title='bbox 1383 2297 1432 2323; x_wconf 90' lang='lat' dir='ltr'><strong>ne</strong></span> <span class='ocrx_word' id='word_1_192' title='bbox 1471 2284 1518 2323; x_wconf 87' lang='lat' dir='ltr'><strong>de</strong></span> 
     </span>
     <span class='ocr_line' id='line_1_25' title="bbox 294 2370 1514 2423; baseline 0.002 -16"><span class='ocrx_word' id='word_1_193' title='bbox 294 2370 454 2423; x_wconf 82' lang='lat' dir='ltr'><strong>pristino</strong></span> <span class='ocrx_word' id='word_1_194' title='bbox 485 2371 636 2409; x_wconf 87' lang='lat' dir='ltr'><strong>honoris</strong></span> <span class='ocrx_word' id='word_1_195' title='bbox 663 2375 765 2410; x_wconf 83' lang='lat' dir='ltr'><strong>statu</strong></span> <span class='ocrx_word' id='word_1_196' title='bbox 797 2370 1022 2423; x_wconf 86' lang='lat' dir='ltr'><strong>dejiciantur</strong></span> <span class='ocrx_word' id='word_1_197' title='bbox 1033 2387 1045 2419; x_wconf 72' lang='lat'>5</span> <span class='ocrx_word' id='word_1_198' title='bbox 1089 2371 1122 2410; x_wconf 86' lang='lat' dir='ltr'><strong>si</strong></span> <span class='ocrx_word' id='word_1_199' title='bbox 1149 2384 1237 2410; x_wconf 82' lang='lat' dir='ltr'><strong>vero</strong></span> <span class='ocrx_word' id='word_1_200' title='bbox 1264 2370 1430 2421; x_wconf 87' lang='lat' dir='ltr'><strong>aliquem</strong></span> <span class='ocrx_word' id='word_1_201' title='bbox 1456 2370 1514 2409; x_wconf 93' lang='lat' dir='ltr'><strong>in-</strong></span> 
     </span>
    </p>
   </div>
   <div class='ocr_carea' id='block_1_3' title="bbox 294 2453 1510 2508">
    <p class='ocr_par' dir='ltr' id='par_1_4' title="bbox 294 2453 1510 2508">
     <span class='ocr_line' id='line_1_26' title="bbox 294 2453 1510 2508; baseline 0.002 -16"><span class='ocrx_word' id='word_1_202' title='bbox 294 2453 442 2493; x_wconf 87' lang='lat' dir='ltr'><strong>veneris</strong></span> <span class='ocrx_word' id='word_1_203' title='bbox 470 2454 536 2505; x_wconf 91' lang='lat' dir='ltr'><strong>qui</strong></span> <span class='ocrx_word' id='word_1_204' title='bbox 563 2455 632 2493; x_wconf 87' lang='lat' dir='ltr'><strong>hoc</strong></span> <span class='ocrx_word' id='word_1_205' title='bbox 660 2454 706 2493; x_wconf 87' lang='lat' dir='ltr'><strong>de</strong></span> <span class='ocrx_word' id='word_1_206' title='bbox 734 2468 773 2493; x_wconf 89' lang='lat' dir='ltr'><strong>se</strong></span> <span class='ocrx_word' id='word_1_207' title='bbox 801 2455 1039 2508; x_wconf 83' lang='lat' dir='ltr'><strong>profiteatur,</strong></span> <span class='ocrx_word' id='word_1_208' title='bbox 1065 2455 1167 2494; x_wconf 91' lang='lat' dir='ltr'><strong>hunc</strong></span> <span class='ocrx_word' id='word_1_209' title='bbox 1194 2454 1274 2494; x_wconf 86' lang='lat' dir='ltr'><strong>veri</strong></span> <span class='ocrx_word' id='word_1_210' title='bbox 1306 2458 1510 2504; x_wconf 88' lang='lat' dir='ltr'><strong>amantem,</strong></span> 
     </span>
    </p>
   </div>
   <div class='ocr_carea' id='block_1_4' title="bbox 1246 0 1843 273">
    <p class='ocr_par' dir='ltr' id='par_1_5' title="bbox 1246 0 1843 273">
     <span class='ocr_line' id='line_1_27' title="bbox 1246 0 1843 273; baseline 0 2798"><span class='ocrx_word' id='word_1_211' title='bbox 1246 0 1843 273; x_wconf 95' lang='lat' dir='ltr'><strong> </strong></span> 
     </span>
    </p>
   </div>
  </div>
 </body>
</html>
