1843 3071
378 738 662 781 LUCLANUM
702 726 1100 780 PHEOSOPHIAM
1141 735 1438 778 PRAOTIOAM

531 838 796 879 LAUDAssn
843 837 1279 879 DEMONSTRATUR.

354 1258 444 1300 Non
471 1257 628 1308 desunt,
658 1257 725 1310 qui
762 1272 848 1298 cum
885 1256 1094 1298 Lucianum
1119 1256 1390 1310 philosophiam
1418 1269 1523 1297 nunc

295 1344 470 1386 laudibus
500 1345 542 1384 in
568 1345 713 1385 eoelum
738 1343 931 1392 extulisse,
960 1356 1062 1382 nunc
1088 1326 1253 1382 Indibrio
1271 1326 1442 1381 habuisse
1471 1355 1518 1381 ex

296 1431 397 1470 Piso.
435 1443 514 1482 cap.
558 1430 608 1467 29
647 1431 685 1468 et
717 1441 738 1467 e
774 1427 931 1478 Niqumo
973 1425 1149 1477 videant,
1186 1424 1349 1476 varium,
1389 1424 1519 1465 inoon-

296 1517 456 1554 stantem
481 1517 520 1553 et
537 1513 660 1553 levem
671 1512 860 1553 hominem
879 1511 992 1552 illum
1010 1511 1213 1564 appellent.
1246 1511 1375 1561 Quum
1393 1515 1519 1552 autem

294 1597 342 1638 ad
368 1597 528 1638 Luciani
560 1597 756 1650 ingenim
786 1596 1032 1651 judicandum
1069 1595 1198 1648 magni
1230 1596 1281 1635 sit
1314 1596 1516 1647 momenti,

294 1682 387 1734 quid
417 1683 488 1722 hac
514 1682 561 1722 de
592 1696 632 1722 re
665 1682 906 1724 statuendum
934 1682 983 1721 sit
997 1712 1008 1730 ‚
1037 1680 1224 1720 declarare
1237 1711 1249 1730 ‚
1283 1680 1325 1720 in
1363 1681 1519 1721 illorum

294 1769 513 1818 argumenta
552 1779 653 1805 nuno
694 1764 886 1817 inquirere
912 1764 1032 1805 lubet.
1088 1764 1258 1804 Primum
1291 1755 1332 1803 in
1368 1778 1520 1805 censum

291 1851 419 1892 veniat
445 1831 551 1891 locus
578 1864 624 1891 ex
656 1851 757 1891 Piso.
787 1864 867 1904 cap.
898 1852 963 1891 30.
1019 1849 1278 1889 Parrhesiades
1305 1863 1327 1888 a
1353 1849 1517 1902 philoso-

291 1937 449 1990 phorum
480 1935 712 1988 principibus
737 1939 881 1988 ὕβρεως
915 1939 1107 1974 accusatus
1134 1935 1194 1973 his
1221 1935 1299 1974 fere
1326 1935 1451 1974 verbis
1478 1948 1523 1974 se·

293 2036 415 2062 eoram
454 2021 695 2074 Philosophia
735 2020 928 2062 defenditz
961 2044 982 2069 n
992 2020 1172 2061 derelicta
1198 2020 1419 2069 Rhetorica,
1448 2020 1519 2061 sub

292 2110 360 2146 tua
398 2106 521 2146 tutela
562 2105 663 2157 quod
703 2104 894 2157 reliquum
933 2104 1028 2145 mihi
1066 2108 1146 2145 erat
1179 2105 1283 2145 vitae
1312 2104 1523 2157 transigere

293 2191 336 2232 in
367 2190 490 2231 animo
517 2189 720 2239 habebam3
757 2190 921 2241 κάπειδὴ
973 2193 1094 2242 μόνον
1139 2190 1352 2241 παρέκυψα
1390 2193 1429 2236 ἐς
1465 2192 1518 2230 τὰ

293 2279 473 2331 ὑμέτερα,
499 2281 539 2320 σε’
561 2281 649 2330 μὲν,
677 2278 801 2330 ὥσπερ
823 2279 1041 2328 ἀναγκαῖον
1066 2275 1131 2328 ἦν,
1156 2279 1221 2317 καὶ
1233 2277 1366 2319 τούσδε
1383 2278 1518 2319 ἅπαν-

293 2380 364 2410 τας
391 2364 614 2416 ἐθαύμαζον
649 2364 808 2414 ἀρίστου
833 2364 923 2414 βίον
948 2362 1169 2414 νομοθέτας
1199 2364 1317 2408 ὄντας
1344 2364 1411 2401 καὶ
1436 2366 1520 2407 τοῖς

296 2449 356 2489 ἐπ’
391 2449 511 2490 αὐτὸν
553 2447 813 2500 ἐπειγομένοις
848 2451 954 2500 χεῖρα
989 2445 1198 2499 ὀρέγοντας
1212 2475 1226 2496 ,
1252 2446 1303 2486 τὰ
1328 2443 1515 2485 κάλλιστα
