1843 3071
964 250 1019 289 42

377 391 536 426 tatorem
564 384 672 438 dicit)
701 384 883 435 λέγοντος
897 415 910 435 ,
936 387 990 432 ὥς
1013 386 1079 426 καὶ
1111 389 1134 427 o‘
1157 387 1251 433 θεὸς
1275 387 1346 428 οὐκ
1364 389 1420 430 Γἐν
1441 388 1599 443 οὐρανῷ·

377 475 484 513 ἔστιν
498 502 510 521 ,
551 471 655 511 οἷλλὰ
695 471 762 511 διὰ
800 475 960 512 πάντων
986 472 1235 523 πεφοίτηκεν,
1261 471 1346 514 οἷον
1372 472 1500 519 ξύλων
1526 475 1595 514 nal

375 556 502 598 λίθων
547 558 614 597 καὶ
651 557 761 608 ζῴων
794 559 886 608 ἄχρι
925 558 992 596 καὶ
1031 558 1112 598 τῶν
1138 557 1395 608 ἀτιμοτάτων.
1449 556 1511 596 Ex
1535 555 1597 596 his

375 641 467 681 locis
511 654 579 693 pro
619 643 722 680 certo
755 640 899 680 efficere
930 638 1044 690 lieet,
1077 639 1287 680 Lauinum
1314 639 1356 680 in
1379 639 1597 693 gravissima

372 725 443 766 hae
493 724 712 777 quaestione
760 725 908 765 nullius
954 728 1083 769 ,sectae
1135 723 1360 765 sententiam
1403 724 1593 777 probasse,

374 811 441 850 sed
495 824 644 850 omnem
697 810 825 863 potius
867 810 948 857 veri
996 809 1216 849 inveniendi
1261 823 1364 861 spem
1404 809 1592 862 abjecisse.

372 896 478 935 Haec
518 895 567 934 de
609 894 692 934 Deo
732 894 866 934 mundi
907 894 1059 946 opifi0e3
1089 907 1191 933 nunc
1215 892 1309 945 quid
1335 893 1383 933 de
1409 893 1483 933 Dei
1506 907 1591 946 pro-

372 980 542 1020 videntia
582 983 622 1020 et
668 979 869 1021 existentia
906 979 971 1033 -(ut
1011 979 1082 1019 hoc
1121 978 1236 1020 verbo
1276 980 1377 1032 utar)
1421 979 1597 1020 statuerit

372 1066 577 1107 videamus.
1268 1099 1270 1101 ,

426 1151 474 1191 In
502 1151 652 1202 dialogo
665 1182 677 1199 ‚
706 1151 769 1191 cui
796 1151 934 1192 titulus
961 1154 1019 1191 est
1049 1150 1200 1201 «Ταφίων
1227 1150 1430 1201 staqoedne
1442 1181 1455 1201 ‚
1479 1149 1597 1191 Pater

370 1235 525 1276 deorum
550 1236 819 1288 hominumque
845 1235 1040 1277 inducitur
1066 1234 1251 1275 sollicitus
1277 1234 1324 1275 de
1349 1238 1487 1276 eventu
1499 1234 1593 1286 litis,

372 1334 467 1372 quae
509 1321 648 1360 Damin
675 1321 904 1373 Epicureum
930 1320 1032 1360 inter
1058 1323 1097 1360 et
1123 1320 1327 1360 Timoclem
1353 1319 1520 1359 Stoicum
1545 1319 1594 1359 de

372 1405 601 1456 quaestione,
628 1409 759 1446 utrum
776 1404 831 1445 dii
844 1408 966 1445 essent
980 1408 1018 1445 et
1030 1404 1270 1457 providerent
1283 1403 1394 1445 rebus
1406 1403 1591 1456 humanis,

369 1493 471 1527 mota
507 1494 598 1530 erat.
654 1489 807 1541 Jupiter
854 1489 942 1529 deos
982 1493 1159 1528 convocat
1173 1520 1185 1538 ‚
1213 1493 1260 1529 ut
1286 1490 1474 1541 quodnam
1503 1489 1593 1529 huie

368 1571 468 1611 malo
494 1571 701 1612 remedium
726 1572 950 1612 adhibeatur
977 1572 1200 1613 deliberent.
1253 1572 1480 1623 Quaestione
1506 1586 1590 1625 pro-

369 1653 503 1706 posita,
531 1668 658 1694 omnes
684 1659 812 1695 tacent
837 1659 985 1708 praeter
1009 1656 1193 1705 Momum,
1223 1655 1291 1706 qui
1317 1655 1405 1695 deos
1432 1656 1589 1696 acerbis-

369 1735 462 1775 sime
506 1737 744 1789 reprehendit
758 1768 770 1787 ‚
816 1738 909 1778 talia
954 1738 1152 1779 incusans:
1187 1738 1281 1779 Jure
1319 1738 1366 1779 ab
1393 1738 1590 1792 Epicureis

370 1820 526 1861 deorum
553 1821 828 1876 providentiam
854 1822 967 1874 tolli,
996 1823 1064 1874 qui
1091 1822 1224 1876 probos
1241 1822 1591 1863 hominesmaximis

369 1910 411 1948 in
452 1910 611 1950 miseriis
650 1911 815 1959 versari,
861 1912 978 1951 malos
1027 1925 1170 1951 summa
1214 1911 1397 1952 felicitate
1428 1911 1591 1963 gaudere

368 2007 477 2048 saepe
526 1994 679 2036 videant
696 2027 709 2047 ‚
760 1997 910 2037 oracula
959 1995 1057 2037 nihil
1105 1995 1199 2036 certi
1238 1994 1393 2049 prodere
1406 2025 1418 2045 ‚
1463 1998 1591 2049 poetas

370 2080 527 2131 pessima
577 2094 749 2133 quaeque
794 2082 842 2122 de
887 2081 961 2121 diis
988 2095 1137 2122 narrare
1150 2113 1162 2132 ,
1191 2095 1250 2121 res
1276 2081 1439 2133 denique
1451 2112 1463 2131 ‚
1494 2094 1590 2133 quae

369 2164 585 2208 hominibus
614 2166 820 2206 utilitatem
853 2167 1021 2217 afferant,
1049 2167 1226 2207 mortales
1254 2166 1390 2207 habere
1420 2170 1589 2206 auctores

369 2248 465 2290 bene
494 2250 624 2292 sciant.
682 2251 889 2305 Neptunus
925 2251 1033 2293 fiatri
1067 2251 1225 2301 suadet,
1254 2254 1300 2292 ut-
1312 2250 1404 2291 istos
1421 2250 1588 2291 homines

371 2336 630 2386 quoquomodo
672 2350 693 2376 e
742 2337 866 2377 medio
903 2338 1016 2377 tollat
1028 2353 1046 2387 3.
1074 2340 1114 2377 at
1141 2336 1318 2390 Jupiter,
1347 2349 1433 2376 cum
1464 2348 1587 2388 neque

369 2422 497 2459 eontra
529 2420 672 2462 *Fatum
716 2423 904 2463 hominem
950 2422 1158 2463 interficere
1200 2424 1338 2474 queat,
1368 2425 1407 2462 et
1439 2421 1518 2475 ipse
1544 2424 1586 2472 ἐξ
