1843 3071
924 269 974 308 28

326 424 480 452 examen
508 409 681 450 vocemus
707 406 854 448 neee'sse
871 406 961 457 erit,
980 405 1218 461 Epichsmei
1231 406 1324 447 dieti
1341 419 1519 449 memores
1535 422 1548 449 τ

328 505 426 548 νᾶφε
457 498 523 536 καὶ
550 495 715 547 μέμψαιτ’
741 485 935 535 ἀπιστεῖὶ.
1038 483 1040 485 V

353 606 355 608 -
381 578 638 619 Hermotimus
671 577 767 617 hanc
803 575 958 629 quidem
994 575 1076 617 veri
1117 575 1337 618 inveniendi
1363 577 1548 619 rationem
1599 565 1603 569 ⁵

324 665 458 720 probat
470 680 482 714 ς
521 677 607 704 mox
634 666 762 703 tamen
793 666 912 702 artem
942 661 1151 715 longiorem
1173 675 1256 706 ,esse
1269 693 1281 713 ,
1316 661 1433 702 vitam
1463 662 1549 702 bre-

325 752 467 792 viorem
504 764 618 802 quam
655 753 702 790 ut
728 750 798 789 hae
825 749 887 789 via
922 763 1050 789 veram
1084 748 1253 789 invenias
1278 749 1548 802 philosophiam

324 836 505 891 agnoseit.
558 836 730 876 Naturae
754 836 851 875 hane
891 834 1042 889 eulpam
1074 848 1153 875 esse
1190 839 1318 875 monet
1348 834 1543 884 Lucinus3

323 927 439 975 negat
480 921 740 962 Hermotimus
753 951 765 969 ,
809 921 878 973 qui
921 935 1070 961 omnem
1105 922 1184 973 jam
1215 906 1310 961 veri>
1327 922 1546 963 inveniendi

323 1023 427 1062 spem
458 1008 501 1047 in
534 1006 677 1047 cinam
712 1005 900 1046 redactam
926 1005 1059 1046 videns
1090 1019 1226 1058 magna
1257 1020 1343 1046 eum
1370 1006 1545 1059 indigns-

323 1092 428 1131 tione
473 1091 682 1131 exclamat:
712 1094 781 1131 οὔκ
793 1120 806 1140 ,
831 1090 921 1130 ἀλλ’
957 1092 1138 1142 ὑβριστὴς
1174 1091 1235 1130 ἀεὶ
1275 1093 1342 1139 σύ,
1381 1094 1447 1130 καὶ
1475 1092 1545 1132 οὐκ

326 1175 401 1219 οἷδ’
428 1180 449 1218 ὃ
476 1194 515 1218 τι
541 1177 688 1218 παθὼν
714 1180 836 1228 μισεῖς
864 1174 1098 1227 φιλοσοφίαν
1128 1178 1194 1216 καὶ
1220 1178 1257 1223 ἐς
1275 1178 1364 1223 τούς
1388 1177 1547 1228 φιλοσο-

325 1265 498 1309 φοῦντας
526 1260 809 1304 ἀποσκώπτεις.
866 1257 1116 1308 Arrogantiae
1148 1257 1263 1296 etiam
1295 1262 1442 1297 accusat
1458 1258 1544 1299 Lu-

325 1342 478 1392 cinum,
538 1340 605 1393 qui
664 1341 766 1381 solus
820 1354 860 1380 se
901 1354 1033 1380 verum
1078 1340 1307 1395 perspexisse
1352 1341 1519 1382 erederet
1532 1373 1545 1392 ‚

324 1435 466 1467 ceteros
499 1429 686 1478 quotquot
730 1424 1082 1479 philosopharentur
1119 1425 1366 1466 delirantibus
1406 1426 1547 1467 similes

324 1514 490 1553 haberet.
552 1512 629 1551 Ille
667 1511 723 1551 ita
764 1525 803 1551 se
841 1510 1009 1550 defendit
1022 1541 1034 1560 ‚
1080 1515 1128 1553 ut
1175 1525 1214 1551 se
1250 1525 1336 1552 cum
1376 1512 1548 1553 omnibus

322 1611 454 1637 verum
486 1595 630 1638 nescire
659 1598 788 1649 aperte
815 1595 990 1635 fateatur.

376 1681 463 1720 Jam
504 1680 616 1720 aliam
653 1679 943 1733 argumentandi
980 1678 1081 1719 viam
1127 1680 1340 1732 ingreditur
1376 1681 1523 1723 Stoicus
1530 1699 1543 1732 ς

320 1758 491 1807 oon'cedit
517 1766 560 1805 in
586 1778 714 1805 omnes
740 1764 992 1818 philosophias
1015 1765 1284 1817 inquirendum
1312 1780 1412 1819 esse,
1431 1772 1545 1821 negat

320 1854 485 1894 multum
511 1853 689 1905 temporis
716 1852 765 1893 ad
796 1853 872 1892 tale
905 1866 1058 1893 examen
1086 1853 1254 1905 requiri:
1298 1858 1344 1893 ut
1372 1855 1473 1895 enim
1500 1869 1545 1895 ex

320 1952 450 1991 ungue
475 1938 623 1978 leonem
646 1936 759 1977 finxit
790 1935 945 1977 Phidias
958 1967 971 1986 ‚
1009 1936 1065 1976 ita
1102 1949 1149 1976 ex
1189 1937 1371 1990 cujusque
1399 1938 1545 1979 scholae

321 2023 507 2077 capitibus
554 2022 672 2076 ipsius
718 2025 891 2062 naturam
931 2025 970 2061 et
1010 2020 1178 2061 indolem
1205 2021 1410 2075 dijudicare
1442 2023 1543 2064 lieet.

321 2110 488 2150 Lueinus
500 2139 513 2158 ‚
556 2109 706 2161 rejectis
746 2107 922 2148 inanibus
964 2107 1301 2163 comparationibus
1314 2140 1327 2160 ‚
1374 2108 1546 2149 coneedit

319 2195 466 2235 scholae
520 2194 703 2247 cujusque
754 2193 877 2248 capita
915 2193 1017 2234 intra
1059 2193 1321 2235 brevissimum
1366 2193 1545 2248 temporis

319 2280 480 2334 spatium
509 2279 624 2319 edisci
656 2293 762 2337 posse
776 2308 788 2328 ‚
822 2279 987 2320 multum
1018 2283 1146 2320 autem
1177 2278 1357 2332 temporis
1383 2277 1543 2330 requiri,

320 2370 365 2406 ut
407 2380 589 2417 quaenam
618 2341 745 2408 esrum
774 2381 861 2407 vera
893 2366 1023 2407 doceat
1046 2366 1164 2421 possit
1186 2365 1399 2418 dijudicari.
1425 2367 1428 2370 '
1455 2365 1545 2406 Non

319 2451 433 2490 aliam
466 2451 565 2491 enim
603 2452 651 2491 ob
689 2465 836 2492 eausam
878 2456 937 2491 tot
978 2451 1093 2492 libros
1126 2450 1383 2506 conscripsisse
1400 2481 1405 2485 ,
1420 2451 1542 2506 philo-
