1843 3071
919 231 968 267 16

322 373 428 413 ἔστιν
481 372 610 423 ἀληθῆ
650 374 677 412 ἃ
711 374 794 422 περὶ
828 375 956 423 ψυχῆς·
987 374 1009 411 o‘
1053 371 1223 413 Πλάτων
1251 372 1376 422 λέγει,
1406 373 1544 425 quibus

321 458 409 498 satis
447 457 632 507 declarat,
672 471 712 496 se
746 457 851 497 illam
885 470 1009 508 neque
1046 459 1201 510 probare
1229 471 1352 510 neque
1380 459 1543 512 rejicere.

319 545 447 583 Multo
471 544 595 583 miuus
623 557 669 582 ex
694 543 753 591 iis,
784 556 880 593 quae
906 555 984 594 cap.
1027 543 1075 582 ⁷0
1096 543 1142 582 de
1158 543 1361 583 Aristotele
1379 545 1544 597 pulchri-

320 628 465 669 tudinis
506 627 699 668 laudatore
740 632 776 668 et
817 642 913 680 quae
941 628 988 668 de
1017 629 1204 669 saltatoris
1233 629 1383 669 silentio
1411 630 1543 681 habet,

325 728 399 765 quo
428 713 723 765 Pythagoricum
756 713 890 765 dogma
919 714 1120 763 innuatur,
1151 714 1292 753 efficere
1319 714 1425 765 licet,
1454 715 1547 767 quid

323 800 370 839 de
398 800 458 838 his
490 799 720 851 philosophis
749 799 935 839 statuerit.
992 797 1143 838 Ceteros
1170 799 1290 851 igitur
1309 800 1547 853 philosophos

323 902 344 925 a
387 887 554 926 Luciano
602 885 656 925 ibi
685 899 807 937 neque
841 884 1012 925 laudatos
1042 898 1165 937 neque
1196 886 1315 925 laesos
1346 900 1423 926 esse
1460 900 1545 926 con-

322 975 412 1019 stat3
460 971 647 1010 Socratem
694 970 916 1022 excepimuS.
976 969 1180 1009 Videamus
1211 971 1351 1021 igitur,
1381 971 1473 1023 quid
1506 973 1546 1009 in

323 1058 407 1098 aliis
434 1059 581 1111 scriptis
608 1058 723 1111 hujus
749 1056 893 1109 periodi
921 1056 967 1095 de
1000 1055 1068 1095 illo
1097 1056 1270 1096 statuerit
1298 1056 1499 1097 Lucianus.

378 1143 532 1182 Nullibi
564 1147 642 1181 tam
674 1146 800 1193 aperte
824 1153 1023 1193 puerorum
1037 1153 1197 1178 amorem
1214 1139 1453 1192 pudicissimo
1467 1139 1548 1179 viro

324 1229 456 1280 culpae
498 1227 562 1266 dat
602 1240 714 1278 quam
741 1227 782 1265 in
811 1225 925 1273 libro,
956 1225 1018 1264 cui
1045 1225 1183 1264 titulus
1212 1229 1293 1264 est:
1324 1226 1369 1264 de
1419 1226 1543 1265 Domo.

323 1315 381 1355 De
427 1314 466 1354 vi
515 1314 613 1353 enim
626 1346 637 1364 ‚
682 1327 793 1365 quam
839 1312 1006 1352 locorum
1052 1312 1256 1352 amoenitas
1292 1312 1334 1352 in
1365 1316 1548 1353 oratorem

324 1401 450 1448 habet,
481 1400 662 1438 disserens
686 1398 740 1437 ita
765 1398 913 1450 pergit:
945 1401 1071 1439 καίτοι
1103 1404 1303 1449 Σωκράτει
1331 1402 1403 1449 μὲν
1447 1401 1549 1440 ἀπέ-

327 1502 438 1541 χρησε
480 1486 686 1527 πλατανου
735 1487 875 1535 εὐφυέα
920 1486 985 1524 καὶ
1031 1488 1109 1524 πόα
1150 1484 1317 1535 εὐθαλὴς
1350 1487 1415 1524 καὶ
1442 1488 1545 1537 πηγὴ

326 1572 487 1620 διαυγὴς
512 1572 648 1620 μικρὸν
673 1570 752 1608 dud
771 1572 837 1608 τοῦ
851 1568 1048 1617 Εἰλισσοῦ,
1068 1570 1275 1608 κάνταῦθα
1293 1570 1548 1619 καθεζόμενος

326 1655 504 1704 Φαίδρου
543 1669 583 1693 τε
623 1653 690 1693 τοῦ
731 1653 1023 1703 Μυρρινουσίου
1068 1657 1361 1702 κατειρωνεύετο
1386 1654 1545 1694 καὶτὸν

328 1741 478 1781 Λυσίου
522 1742 588 1779 τοῦ
629 1738 814 1788 Κεφάλου
843 1737 959 1786 λόγον
988 1736 1163 1788 διήλεγχε
1195 1739 1261 1776 καὶ
1288 1739 1358 1783 τὰς
1383 1742 1547 1784 Μούσας

328 1823 455 1863 ἐκάλει
504 1823 569 1861 καὶ
618 1822 815 1861 ἐπίστευεν
865 1820 970 1870 ἥξειν
1014 1820 1136 1864 αὐτὰς
1180 1820 1242 1858 ἐπὶ
1285 1822 1356 1869 τὴν
1384 1821 1543 1870 ἐρημίαν

326 1905 715 1957 συμπεριληψομένας
772 1906 851 1944 τῶν
891 1904 976 1953 περὶ
1017 1905 1082 1942 τοῦ
1125 1904 1263 1951 ἔρωτος
1302 1902 1439 1950 λόγων.
1480 1906 1545 1942 καὶ

329 1989 396 2028 οὐκ
446 1990 632 2040 ᾐσχύνετο
673 1986 795 2036 γέρων
821 1987 1032 2035 ἄνθρωπος
1059 1981 1299 2035 παρακαλῶν
1326 1983 1549 2034 παρθένους

328 2072 584 2119 συνεσομένας
610 2073 659 2108 τὰ
695 2070 983 2118 παιδεραστικά.
1040 2067 1209 2105 Multum
1238 2067 1340 2105 valet
1371 2067 1433 2105 hic
1447 2067 1551 2106 locus

327 2153 376 2193 ad
417 2151 695 2204 infringendam
738 2151 952 2204 opinionem
997 2164 1135 2200 eorum,
1158 2151 1185 2202 ¹)
1217 2150 1283 2202 qui
1315 2150 1500 2190 Socratem
1529 2164 1550 2188 a

327 2236 493 2274 Luciano
538 2236 793 2287 vituperatum
825 2247 902 2273 esse
935 2238 1085 2285 negant,
1144 2234 1273 2283 Quum
1301 2233 1402 2272 enim
1429 2246 1551 2283 neque

376 2449 405 2486 1)
432 2449 533 2479 Ranke
548 2471 557 2484 ,
578 2449 597 2479 l.
621 2448 642 2478 l.
665 2458 694 2487 p.
718 2449 769 2478 25.

1837 1718 1843 1785 ἒ
