1843 3071
1000 251 1022 287 2

401 392 522 432 multo
560 391 637 430 sale
678 390 929 439 defricuisset,
969 390 1091 429 levem
1130 392 1168 427 et
1210 389 1420 441 malignum
1444 389 1630 430 hominem

400 493 489 520 eum
517 479 770 532 appellarent,
800 481 947 529 praeter
979 489 1184 516 sermonem
1217 490 1375 529 purum,
1406 477 1628 529 elegantem,

403 564 565 603 facetum
592 562 691 602 nihil
724 562 766 600 in
791 575 834 600 eo
862 559 1073 600 laudantes.

458 649 520 687 Ita
562 661 651 687 vero
698 661 847 686 omnem
876 646 1046 686 Lucieno
1074 645 1227 685 laudem
1253 644 1399 684 detrahi
1426 658 1504 683 non
1531 636 1631 697 passi

405 739 494 774 sunt
519 733 592 774 viri
617 737 695 773 tam
722 733 875 785 ingenio
904 745 1016 784 quam
1043 731 1213 770 doctrina
1240 730 1408 782 insignes
1422 762 1434 780 ,
1455 703 1625 771 Wielan—

406 817 496 867 dus,
518 818 545 869 ¹)
592 817 775 865 Jacobus,
814 816 1053 855 Hermannus
1064 847 1075 865 ,
1093 813 1122 867 ²)
1169 816 1236 868 qui
1276 820 1315 855 et
1348 816 1495 868 scriptis
1522 817 1631 857 illius

407 902 632 954 diligentius
672 901 781 941 lectis
829 905 867 940 et
904 885 1134 953 temporibus
1166 900 1302 940 melius
1333 901 1535 954 perspectis
1567 915 1631 954 pa-

406 991 534 1026 tronos
572 987 653 1038 ejus
695 1000 734 1025 se
767 985 922 1038 professi
950 989 1049 1025 sunt.
1106 986 1143 1024 A
1174 985 1347 1037 pluribus
1388 999 1474 1025 eum
1508 986 1631 1026 orimi-

407 1076 520 1116 nibus
561 1075 777 1114 luculenter
823 1073 992 1113 defendit
1034 1071 1259 1112 Wielandus
1286 1071 1327 1110 in
1354 1072 1634 1112 characterismo

408 1161 568 1202 Luciani
611 1160 785 1212 operibus
823 1159 1009 1212 praefix03
1053 1157 1199 1197 doctius
1241 1161 1280 1196 et
1319 1156 1502 1209 copiosius
1534 1158 1634 1198 idem

408 1247 498 1286 fecit
540 1245 722 1295 Jacobus,
769 1246 836 1295 qui
882 1249 1008 1283 tamen
1054 1259 1143 1297 prae
1190 1258 1326 1295 magno
1369 1258 1514 1292 amore,
1558 1259 1634 1295 quo

410 1330 522 1370 illum
569 1329 886 1383 prosequebatur,
916 1327 1096 1367 laudandi
1125 1327 1251 1367 studio
1284 1341 1391 1380 saepe
1430 1327 1541 1367 nimis
1573 1328 1631 1368 in-

411 1417 542 1456 dulsit.
600 1416 650 1455 In
690 1416 804 1467 hujus
846 1415 942 1453 libro
988 1428 1083 1465 quae
1126 1415 1367 1466 improbanda
1408 1415 1484 1454 sint
1525 1429 1635 1455 nemo

411 1502 560 1542 acutius
600 1499 699 1540 vidit
740 1513 852 1552 quam
893 1499 976 1540 Car.
1007 1498 1116 1539 Fred.
1147 1499 1386 1539 Hermannus
1399 1532 1410 1550 ,
1451 1500 1518 1552 qui
1551 1514 1635 1541 cum

412 1587 675 1627 animadvertit
718 1587 760 1624 in
800 1585 977 1624 notandis
1012 1585 1171 1624 Luciani
1204 1585 1352 1637 scriptis
1379 1599 1448 1624 nec
1479 1586 1633 1625 chrono-

411 1672 578 1724 logicum
608 1671 791 1711 librorum
824 1670 993 1709 ordinem
1033 1669 1079 1709 ab
1116 1669 1187 1708 illo
1220 1672 1406 1709 servatum
1448 1645 1540 1709 esser
1567 1684 1635 1710 nec

413 1756 551 1810 scripta
577 1754 704 1809 spuria
736 1769 757 1794 a
787 1753 963 1806 genuinis
1001 1752 1091 1793 satis
1128 1752 1333 1805 diligenter
1367 1766 1445 1793 esse
1474 1757 1635 1802 semota,

414 1849 497 1884 tum
545 1842 645 1882 illud
704 1842 865 1883 maxime
922 1840 1182 1893 reprehendit,
1232 1839 1333 1889 quod
1386 1838 1432 1878 de
1477 1839 1637 1879 Luciani

414 1928 650 1981 philosophia
688 1927 850 1967 Jacobus
899 1931 977 1966 tam
1010 1940 1127 1979 pauca
1182 1930 1220 1965 et
1254 1925 1367 1965 exilia
1408 1925 1636 1977 protulisset.

461 2139 492 2177 1)
517 2138 642 2168 Luciam
666 2146 725 2167 von
749 2137 901 2167 Samosata
930 2134 1114 2165 siimmtliche
1136 2134 1253 2164 Werke.
1278 2133 1334 2163 Th.
1353 2133 1382 2163 Ι.
1404 2131 1501 2162 Ueber
1515 2131 1641 2161 Lucinns

415 2200 705 2238 Lebensumstiinde,
727 2201 892 2231 Charakter
916 2200 976 2230 und
1001 2200 1163 2230 Schriften.

460 2270 492 2307 2)
518 2268 714 2299 Gesammelte
730 2266 967 2305 Abhendlungen
982 2259 1042 2296 und
1057 2266 1195 2304 Beitriige
1211 2274 1265 2295 zur
1278 2262 1463 2294 Classischen
1476 2262 1643 2293 Litteratur

416 2334 478 2365 und
516 2332 801 2364 Alterthumskunde
840 2341 897 2361 von
933 2332 988 2362 Dr.
1021 2331 1094 2360 Karl
1126 2329 1278 2360 Friedrich
1300 2330 1454 2359 Hermann
1467 2350 1477 2364 ‚
1504 2328 1587 2358 Pros.
1608 2328 1641 2357 in

418 2398 592 2436 Gottingen.
636 2397 730 2427 1849.
764 2396 810 2426 Νο
844 2397 881 2428 X.
914 2397 976 2426 Zur
1008 2395 1247 2426 Charakteristik
1281 2394 1408 2426 Luciam
1447 2394 1507 2424 und
1545 2393 1642 2438 seiner

419 2461 580 2493 Schriften.
607 2461 790 2491 201—208.
