1843 3071
642 519 1065 609 THESES.

715 734 968 741 ῤ’-

831 914 864 955 Ι.

295 1016 441 1069 Injuria
486 1016 720 1066 BruckeruS‚
772 1014 1002 1064 Planckius‚
1047 1014 1135 1066 alii,
1176 1020 1317 1068 negant
1369 1031 1456 1057 vera.

242 1100 321 1125 esse
357 1100 452 1137 quae
494 1087 541 1125 de
582 1086 859 1137 Peregrini
899 1089 1019 1124 morte
1045 1085 1235 1125 Lucianus
1261 1088 1456 1127 memoriae

240 1153 410 1194 tradidit.

819 1261 891 1303 Π(

295 1361 417 1401 Nullo
450 1361 534 1413 jure
571 1360 735 1400 Ghlebus
775 1362 834 1411 (de
867 1362 1031 1401 Luc-iano
1051 1363 1264 1413 philosopho
1278 1394 1289 1412 ,
1317 1378 1356 1416 p.
1387 1366 1454 1417 50)

240 1431 397 1481 statuit,
425 1430 636 1471 Lucianum
662 1430 861 1483 opinione,
892 1444 967 1482 qua
994 1431 1111 1471 animi
1139 1431 1458 1474 immortalitatem

238 1500 429 1552 rejiceret,
459 1499 513 1538 ita
539 1514 616 1538 esse
644 1513 773 1547 usum,
803 1503 848 1538 ut
872 1499 1073 1539 libidinum
1103 1499 1339 1542 dulcedinem
1368 1516 1456 1554 prae

240 1569 373 1608 ceteris
399 1569 571 1608 omnibus
600 1568 844 1620 expetendam
872 1582 949 1607 esse
982 1568 1167 1609 statuerit.

817 1691 894 1732 III.

294 1794 410 1833 Recte
436 1793 642 1832 Planckius
663 1794 921 1844 (Quaestione
944 1794 1173 1843 Lac-ianm,
1197 1808 1235 1846 p.
1255 1796 1369 1845 191):
1391 1796 1457 1846 qui

239 1869 285 1905 ut
317 1865 512 1914 Nigrinum
550 1864 604 1902 ita
637 1865 808 1915 Cynicum
832 1867 982 1915 propter
1005 1868 1307 1914 argumentorum
1333 1866 1456 1915 gravi-

238 1938 356 1973 tatem
391 1947 412 1971 a
454 1933 621 1972 Luciano
665 1933 844 1984 scriptum
878 1937 1035 1983 negant,
1079 1937 1124 1971 ut
1162 1933 1335 1982 Solanus,
1365 1935 1454 1982 alii,

238 2017 369 2056 parum
396 2002 487 2042 mihi
515 2002 691 2041 videntur
724 2002 884 2042 Luciani
914 2002 1111 2054 ingenium
1138 2004 1376 2056 perspexisse.
1384 2011 1404 2034 ΙΙ

817 2112 888 2152 IV.

294 2212 399 2251 Male
426 2212 526 2250 idem
555 2212 596 2263 (l.
614 2211 641 2251 l.
663 2225 700 2263 p.
724 2212 791 2262 10)
804 2241 816 2260 ,
857 2225 974 2262 quum
1017 2211 1187 2251 concedit
1229 2212 1270 2250 in
1297 2212 1454 2262 libello,

239 2283 306 2336 qui
333 2283 539 2333 Astroloqia
566 2281 796 2322 inscribitur.
827 2285 866 2321 et
893 2281 1041 2334 ingenii
1068 2282 1185 2322 aciem
1213 2286 1252 2321 et
1279 2283 1456 2322 sermonis

238 2355 529 2394 concinnitatem
557 2353 781 2401 desiderari,
812 2366 898 2391 eum
925 2357 1050 2391 tamen
1077 2366 1099 2391 a
1124 2353 1291 2392 Luciano
1316 2354 1456 2404 juvene

239 2424 353 2465 illum
385 2424 564 2477 scriptum
602 2437 680 2463 esse
714 2421 847 2463 statuit
874 2421 944 2461 hoc
971 2435 1060 2461 usus
1092 2425 1332 2474 argumento:
1370 2422 1456 2470 nUt
