1843 3071
246 608 381 650 QUALE
436 607 629 649 JUDIGIUM
680 607 734 647 DE
783 606 1058 647 PHILOSOPHIA
1115 606 1165 647 ET
1221 605 1274 645 DE
1317 605 1461 645 CLARIS

323 700 591 741 PHILOSOPHIS
619 699 824 739 LUGIANUS
852 699 898 739 IN
926 699 1106 740 scmus
1135 698 1384 739 SOI’HIS‘I'ICIS

435 792 593 832 PRIMAE
629 792 795 831 PERIODI
829 792 1006 832 TULERI‘P
1033 791 1277 856 EXPONI'I'URU.

303 1112 409 1151 Inter
449 1111 586 1165 scripta
600 1143 611 1161 ‚
647 1124 742 1162 quae
771 1110 937 1150 omnium
961 1109 1175 1148 criticorum
1203 1102 1381 1148 consensn
1420 1109 1467 1148 ad

244 1198 452 1249 juvenilem
498 1197 656 1255 Luciani
689 1201 849 1236 aetatem
877 1197 1088 1236 referuntur
1102 1226 1114 1244 ‚
1141 1196 1304 1249 primum
1342 1196 1465 1236 locum

246 1285 351 1321 tenet
388 1281 485 1323 liber
526 1283 571 1321 de
618 1282 833 1322 Saltatz‘one.
905 1280 974 1320 Est
1024 1294 1067 1320 ea
1112 1280 1318 1334 disputatio
1364 1294 1466 1320 mere

247 1364 445 1416 sophistica
458 1394 469 1412 ,
508 1364 651 1403 duabus
683 1377 729 1402 ex
757 1364 926 1416 partibus
953 1366 1143 1410 constans,
1175 1376 1333 1414 quarum
1348 1365 1467 1402 altera

250 1448 457 1500 (praefatio)
499 1449 612 1487 attico
659 1448 735 1487 sale
773 1447 961 1495 abundat,
995 1448 1114 1486 altera
1149 1448 1254 1499 (artis
1281 1449 1466 1500 pantomi-

246 1533 363 1574 micae
394 1533 574 1586 laudatio)
606 1533 737 1574 multis
761 1532 905 1573 mendis
936 1532 1092 1573 laborat.
1136 1531 1198 1572 Ad
1211 1531 1300 1574 libri
1319 1536 1466 1585 tempus

246 1619 452 1658 accuratius
475 1620 725 1658 definiendum
758 1622 857 1657 certa
885 1618 1024 1657 indicia
1057 1618 1325 1658 desiderantur.

298 1697 603 1756 Colloquituribi
618 1705 784 1744 Lucinus
799 1703 950 1755 quidam
964 1717 1049 1742 cum
1058 1703 1229 1753 Cratone,
1249 1704 1467 1758 philosopho

246 1791 374 1840 cynico
387 1821 399 1839 ‚
432 1791 584 1830 barbato
617 1804 703 1829 sene
718 1820 730 1837 ‚
760 1790 827 1840 qui
858 1789 894 1827 ei
926 1803 1106 1827 summam
1133 1789 1338 1836 levitatem,
1353 1790 1466 1828 immo

245 1875 443 1915 lasciviam·
473 1876 755 1930 exprobraverat
769 1907 781 1925 ,
811 1874 911 1926 quod
943 1873 1180 1928 pantomimis
1208 1874 1413 1925 gauderet3
1444 1889 1466 1914 a

244 1960 382 2011 quibus
417 1961 623 2013 opprobriis
650 1961 718 1999 ille
745 1961 799 1999 ita
828 1973 866 1998 se
895 1959 1063 1998 defendit
1077 1990 1088 2007 ,
1117 1963 1162 1998 ut
1190 1959 1373 2010 Cynicum
1404 1971 1463 1998 res

243 2045 350 2085 nulla
377 2047 660 2099 reprehensione
686 2046 839 2098 dignas,
861 2049 988 2084 contra
1006 2044 1210 2084 laudandas
1224 2045 1361 2098 potius,
1377 2060 1465 2099 prae

246 2127 395 2167 inscitia
437 2142 585 2182 carpere
617 2130 786 2169 ostendat
803 2131 843 2181 ¹).
902 2129 1064 2182 Cynicus
1093 2142 1179 2168 vero
1194 2161 1205 2178 ,
1233 2130 1334 2169 istud
1367 2130 1463 2169 nihil

293 2331 324 2369 1)
351 2331 422 2371 Cap.
448 2332 478 2362 1.
526 2326 591 2365 καὶ
628 2327 833 2377 συγγνώμη
872 2340 929 2365 σοι
945 2356 957 2374 ,
1004 2328 1037 2365 εἴ
1064 2326 1104 2373 ἐξ
1126 2327 1244 2378 ἀρχῆς
1268 2327 1342 2378 βιῷ
1368 2327 1467 2378 αὐχ-

245 2389 352 2435 μηρῷ
378 2386 502 2430 συζῶν
518 2416 531 2434 ,
568 2389 632 2426 καὶ
658 2390 778 2436 μόνον
804 2389 848 2426 τὸ
883 2386 1045 2437 σκληρὸν
1076 2388 1231 2435 ἀγαθὸν
1258 2392 1465 2438 ἡγούμενος

247 2444 313 2488 ὑπ’
348 2445 523 2498 ἀπειρίας
549 2449 679 2488 αὐτῶν
695 2477 707 2496 ,
737 2448 966 2498 κατηγορίας
991 2448 1085 2494 ἄξια
1120 2444 1219 2489 εἶναι
1248 2451 1464 2498 νενόμικας.
