1843 3071
826 226 877 265 15

249 369 358 419 putat
379 367 421 419 ¹).
475 366 578 406 Haec
619 366 667 406 de
708 365 943 419 philosophia
983 364 1178 414 universe3
1223 378 1319 418 quae
1365 366 1464 406 enim

248 464 328 503 cap.
378 452 429 491 35
472 450 520 491 de
546 451 718 504 physicae
761 450 903 491 ethicae
940 453 979 490 et
1006 449 1224 490 dialecticae
1251 450 1291 490 vi
1304 481 1316 500 ,
1352 464 1465 502 quam

247 536 289 577 in
316 538 527 578 saltatorem
552 538 736 586 habeant,
767 537 934 587 disserit,
962 551 1039 577 non
1068 537 1123 578 ita
1140 541 1229 579 sunt
1243 541 1463 591 comparata,

165 618 167 620 ·
248 624 294 661 ut
319 620 407 661 inde
434 622 524 661 satis
549 625 636 661 tua>
663 608 809 672 aliquid
836 619 931 659 effici
956 619 1085 671 possit.

300 707 430 746 Restat
455 706 576 758 igitur
605 710 651 746 ut
679 705 773 757 quid
810 704 857 745 de
890 703 1103 745 clarissimis
1129 705 1361 759 philosophis
1387 710 1462 747 sta-

246 792 626 847 tuerit-exponamus
673 792 725 831 Et
751 790 914 843 primum
942 789 1096 842 quidem
1118 790 1160 830 in
1187 804 1339 831 censum
1359 793 1465 833 venit

247 877 351 916 locus
377 890 457 929 cap.
489 878 557 925 25,
586 875 654 915 ubi
681 876 867 914 Socratem
893 879 1119 925 σοφώτατον
1144 876 1273 927 ἄνδρα
1287 877 1463 929 appellat.

246 963 346 1003 Cave
372 967 498 1004 tamen
525 977 573 1003 ne
600 963 690 1003 inde
716 963 850 1003 efficias
876 962 1087 1003 Lucianum
1120 963 1168 1003 de
1194 964 1343 1005 Socrate
1357 980 1462 1019 mag-

245 1047 354 1087 nifice
385 1047 560 1096 sensisse;
588 1048 683 1087 latet
709 1047 843 1099 anguis
869 1047 910 1087 in
937 1047 1062 1096 herba,
1091 1051 1136 1088 ut
1159 1049 1239 1102 jam
1252 1048 1464 1101 significant
1512 1073 1514 1075 ·

246 1134 369 1185 verba,
399 1148 494 1186 quae
521 1133 651 1173 addit:
694 1134 770 1183 εἴγε
813 1132 1040 1174 πιστευτέον
1074 1136 1187 1173 τοῦτο
1222 1135 1309 1184 περὶ
1344 1135 1462 1175 αὐτοῦ

249 1219 403 1268 λέγοντι
441 1224 496 1269 τῷ
532 1220 691 1270 Πυθίῳ.
759 1218 880 1258 Immo
925 1222 1024 1258 tecte
1080 1218 1240 1258 Socratis
1284 1218 1465 1259 illicitum

247 1316 446 1356 puerorum
487 1316 646 1342 amorem
673 1301 913 1355 perstringit,
942 1302 1009 1342 ubi
1036 1300 1084 1341 de
1110 1301 1179 1342 ino
1203 1302 1274 1341 hoc
1301 1302 1416 1342 dicit:
1432 1303 1465 1343 si

246 1400 305 1426 ars
330 1387 588 1439 pantomimica
615 1387 774 1427 Socratis
802 1391 924 1427 aetate
948 1387 1151 1435 floruisset,
1175 1400 1253 1425 non
1270 1387 1340 1426 illa
1361 1387 1466 1440 prius

246 1470 452 1523 quidquam
491 1485 625 1525 pueros
664 1471 788 1512 doceri
812 1471 995 1525 jussisset.
1052 1471 1197 1524 Urgere
1222 1475 1348 1512 tamen
1375 1472 1466 1513 haec

247 1558 361 1599 verba
399 1558 560 1608 nollem,
602 1558 676 1597 nisi
703 1558 857 1599 aliunde
883 1558 992 1599 nobis
1018 1561 1223 1607 constaret,
1252 1557 1464 1598 Lucianum

246 1648 318 1687 hac
344 1647 386 1686 in
413 1651 520 1700 parte
546 1647 678 1698 inique
706 1647 753 1686 de
780 1648 930 1687 Socrate
954 1645 1151 1699 judicasse.

299 1731 350 1771 In
387 1730 516 1771 eodem
549 1731 647 1771 libro
684 1730 833 1772 duobus
873 1729 966 1771 loeis
1003 1730 1231 1771 mentionem
1265 1728 1391 1783 injicit
1418 1729 1465 1769 de

246 1816 423 1856 Platone:
458 1828 536 1868 cap.
559 1817 609 1854 34·
625 1817 725 1855 hunc
740 1816 1001 1868 philosophum
1011 1815 1086 1855 alia
1101 1815 1311 1854 saltationis
1330 1828 1467 1866 genera

245 1900 436 1962 laudasse,
465 1901 539 1941 alia
566 1901 733 1954 rejecisse
760 1900 860 1940 nude
885 1900 1014 1953 ponit3
1044 1913 1123 1952 cap.
1157 1900 1206 1939 70
1232 1900 1469 1940 Platonicam>

248 1986 391 2027 animae
437 1985 657 2026 divisionem
699 1990 976 2036 commemorat,
1018 1986 1158 2027 additis
1190 1985 1339 2027 verbis:
1370 1988 1403 2025 εἲ
1428 1986 1464 2026 δ’

243 2139 496 2146 --.----

293 2258 323 2296 1)
368 2258 609 2306 Τιμοκράτης
654 2254 697 2293 δὲ
748 2256 771 2294 0‘
811 2252 1041 2299 διδάσκαλος
1081 2252 1200 2292 αὐτοῦ
1247 2254 1462 2293 (Lesbonaetis)

252 2315 346 2356 ι’δών
371 2331 464 2355 ποτε
489 2316 623 2364 ἅπαξ,
650 2315 718 2355 οὐκ
746 2314 965 2365 ἐξεπίτηδες
991 2316 1173 2363 ἐπιστὰς,
1199 2315 1390 2366 ὀρχηστὴν
1415 2318 1465 2355 τὰ

250 2379 368 2417 αὐτοῦ
402 2381 605 2427 ποιοῦντα,
634 2378 729 2417 Οἳόυ
751 2391 796 2427 με
808 2406 820 2426 ,
850 2378 937 2427 ἔφη,
964 2380 1158 2426 θεάματος
1185 2380 1211 2427 ἠ
1235 2379 1329 2428 πρὸς
1354 2376 1468 2428 φιλο-

250 2437 390 2487 σοφίαν
416 2438 536 2484 αἶδὼς
565 2437 833 2489 ἀπεστέρηκεν.
