1843 3071
773 198 889 261 '29

260 360 417 417 sophos,
459 363 572 415 quam
605 367 650 403 ut
692 376 809 417 pauca
840 361 910 402 illa
935 360 1233 415 argumentando
1263 362 1472 417 probarent.

314 448 434 489 Aliud
473 452 737 501 argumentum
774 448 915 503 profert
941 447 1224 497 Hermotimus,
1269 449 1369 500 quod
1401 450 1475 489 huc

259 533 336 574 fere
361 533 486 575 redit:
515 535 583 587 qui
606 533 745 575 vinum
774 546 895 574 emere
921 534 1039 589 cupit,
1063 534 1221 589 probum
1247 534 1329 575 vini
1342 535 1473 575 vendi-

261 623 379 659 torem
420 618 500 659 adit
543 622 582 659 et
615 632 662 658 ex
704 619 841 670 exiguo
877 618 1081 672 specimine
1110 623 1234 659 totum
1265 619 1473 673 dijudicat3

260 705 362 746 idem
405 705 448 745 in
488 704 793 759 philosophorum
832 701 1013 743 doctrinis
1057 701 1281 745 faciendum.
1346 704 1475 758 Negat

261 791 427 832 Lucinas
440 822 453 842 ,
504 790 572 843 qui
621 804 749 830 rursus
792 793 920 830 monet
965 789 1012 829 ab
1051 788 1260 829 adven-sario
1301 804 1386 841 res,
1429 791 1476 830 de

262 878 400 929 quibus
438 855 547 918 vinter
591 892 718 918 omnes
757 882 923 928 constat,
970 877 1174 931 comparari
1216 892 1302 918 cum
1332 878 1398 929 iis,
1429 878 1476 919 de

262 963 400 1016 quibus
435 963 675 1003 dissentiunt.
693 963 771 1003 fere
799 977 926 1003 omnes
938 979 951 1012 ;
986 977 1104 1015 quum
1120 967 1247 1004 autem
1264 963 1476 1017 philosophi

262 1050 310 1089 de
333 1050 468 1090 iisdem
497 1050 607 1090 rebus
638 1050 713 1089 alio
745 1049 808 1089 die
836 1048 947 1089 aliter
960 1053 1150 1098 statuant,
1164 1051 1476 1101 comparationem

263 1134 318 1174 ita
344 1133 495 1174 demum
514 1133 654 1185 justam
685 1133 764 1173 fore
790 1132 905 1181 dicit,
938 1132 971 1171 si
1003 1145 1068 1172 vas
1086 1145 1162 1172 non
1180 1132 1270 1172 vino
1284 1132 1349 1172 sed
1362 1132 1476 1172 variis

263 1219 466 1259 seminibus
496 1218 681 1270 repletum
713 1232 799 1257 cum
825 1218 1059 1270 philosophia
1090 1222 1333 1270 comparetur.

317 1302 400 1343 Iam
461 1302 589 1342 inania
634 1301 860 1342 Hermotimi
909 1306 1129 1354 argumenta
1184 1302 1274 1342 satis
1314 1304 1476 1345 refutata

264 1386 418 1427 credens
429 1417 442 1436 ,
493 1400 590 1427 nova
623 1387 731 1426 affert
744 1417 756 1436 ,
783 1386 921 1438 quibus
947 1400 1062 1439 quam
1091 1386 1241 1426 difficile
1272 1388 1324 1427 sit
1351 1401 1477 1428 veram

263 1469 433 1509 invenire
468 1470 739 1522 philosophiam
783 1469 967 1510 ostendat.
1029 1470 1130 1510 Nam
1178 1470 1342 1524 primum
1371 1486 1476 1524 prae-

263 1557 322 1593 ter
362 1552 576 1592 interiorem
626 1552 852 1592 diversarum
901 1552 1183 1605 disciplinarum
1227 1554 1479 1605 cognitionem

261 1639 467 1692 requiritur
512 1653 596 1679 aere
623 1643 661 1678 et
687 1639 828 1679 subtile
854 1639 1053 1692 ingenium
1068 1643 1097 1694 ¹)
1131 1642 1180 1681 ad
1211 1657 1273 1682 eas
1299 1644 1401 1683 inter
1437 1658 1476 1683 se

262 1724 521 1778 dijudicandas
533 1739 546 1773 ;
588 1728 672 1764 tum
716 1724 796 1764 fieri
837 1723 952 1765 etiam
990 1729 1115 1779 potest
1140 1730 1187 1766 ut
1213 1740 1322 1767 nemo
1353 1741 1479 1769 veram

263 1811 535 1866 philosophiam
575 1811 774 1853 invenerit.
831 1812 968 1865 Neque
1008 1813 1131 1854 minor
1158 1813 1359 1855 difficultas
1390 1815 1480 1856 inde

264 1898 372 1940 nobis
411 1898 600 1948 nascitur,
643 1898 744 1951 quod
771 1899 930 1952 optimos
959 1900 1142 1953 cujusque
1167 1901 1313 1941 scholae
1339 1903 1478 1955 magis-

310 2189 340 2227 1)
365 2188 436 2228 cap.
461 2188 519 2219 64=
563 2184 732 2231 κριτικῆς
767 2196 897 2231 τινος,
941 2177 972 2222 ὦ
998 2169 1206 2232 θάυμάσιε,
1235 2183 1299 2221 καὶ
1324 2182 1480 2229 ἐξετασ-

264 2249 373 2294 τικῆς
410 2248 652 2293 παρᾶσκευῆς
678 2244 743 2282 καὶ
771 2247 839 2283 νοῦ
863 2243 972 2289 ὀξέος
999 2245 1064 2282 καὶ
1093 2242 1271 2288 διανοίας
1296 2244 1478 2296 ἀκριβοῦς

265 2308 331 2347 καὶ
371 2305 583 2346 ἀδεκάστου
622 2301 789 2354 [ἐνδεῒ],
829 2305 917 2344 οἵαν
962 2307 1030 2357 χρὴ
1058 2300 1158 2344 εἶναι
1181 2307 1254 2355 τὴν
1285 2306 1370 2356 περὶ
1398 2308 1479 2346 τῶν

264 2366 501 2418 τηλικούτων
552 2366 795 2406 δικάσουσαν“
834 2370 859 2415 ἤ
896 2369 1021 2417 μάτην
1064 2368 1118 2406 ἂν
1156 2368 1317 2407 ἅπαντα
1356 2370 1478 2418 ἑωρα-

263 2427 364 2478 μένα
400 2426 469 2478 εἴη.
740 2435 745 2439 ·
