1843 3071
824 243 935 298 *14

293 379 340 419 ad
372 393 411 420 se
439 380 625 434 pertinere
653 382 757 419 ratus
770 409 782 428 ,
816 392 912 419 nova
945 378 1112 419 convicia
1143 379 1186 421 in
1213 380 1327 422 illum
1350 382 1514 423 confert:

291 469 350 508 Tu
378 481 465 507 vero
494 467 618 519 qualis
643 467 752 506 homo
782 480 833 515 es,
866 480 889 505 ο
917 466 1040 515 Bone,
1066 467 1155 519 qui,
1177 480 1295 520 quum
1312 468 1518 509 eruditioni

293 554 504 593 innutritus
527 552 578 591 sis
605 555 644 591 et
661 550 918 605 philosophiae
942 551 1178 592 mediocriter
1197 566 1347 607 operam
1360 553 1517 602 dederis,

292 651 380 691 prae
427 637 602 677 saltatore
639 636 866 690 optimarum
893 636 1033 678 artium
1057 637 1183 679 studia
1211 639 1518 692 ‹et—antiquorum

293 722 603 776 consuetudinem
621 722 734 762 missa
756 722 870 763 facias
880 738 893 772 ς
919 736 1029 775 aegre
1051 723 1150 774 fero,
1174 724 1275 776 quod
1292 724 1518 778 optimorum

292 809 434 850 oblitus
460 808 647 858 virorum,
675 808 868 859 Platonis,
902 807 1101 861 Chrysippi
1130 813 1168 849 et
1205 808 1431 860 Aristotelis,
1446 810 1517 850 tali

292 897 503 950 spectaculo
530 894 738 935 delectaris.
1214 943 1216 946 Α
1512 952 1517 954 ῃ

346 981 538 1021 Lucianus
563 980 683 1033 igitur
707 979 859 1032 juvenis
886 979 1142 1032 philosophiae
1165 980 1403 1022 mediocriter
1429 995 1516 1035 ope-

292 1081 372 1107 ram
399 1066 521 1117 dedit,
550 1069 589 1105 at
625 1079 702 1105 non
734 1065 790 1105 ita
803 1095 816 1116 ,
856 1070 903 1106 ut
936 1080 1051 1107 unam
1082 1066 1246 1107 scholam
1271 1080 1360 1120 prae
1387 1068 1520 1108 ceteris

293 1150 465 1204 probaret
484 1151 528 1203 ¹).
556 1151 640 1190 Nec
666 1150 900 1201 mirandum,
930 1151 962 1190 si
989 1152 1114 1191 rhetor
1142 1155 1181 1191 et
1208 1151 1383 1205 sophista,
1412 1156 1458 1193 ut
1471 1153 1519 1193 de

294 1248 445 1288 quaque
464 1248 504 1274 re
524 1235 715 1286 eleganter
729 1239 767 1274 et
785 1235 931 1287 copiose
949 1234 1072 1274 dicere
1090 1239 1227 1287 posset,
1247 1236 1519 1288 philosophiam

294 1326 407 1366 etiam
448 1324 636 1377 attingere
673 1337 820 1364 necesse
859 1323 1035 1364 habuerit
1048 1355 1060 1374 ,
1108 1322 1234 1374 idem,
1269 1326 1313 1363 ut
1351 1329 1519 1364 sermone

295 1424 389 1463 puro
429 1414 467 1449 et
510 1409 638 1449 Attico
671 1413 863 1458 uteretur,
894 1409 1090 1461 scriptores
1117 1408 1283 1457 Atticos,
1314 1408 1356 1447 in
1384 1408 1521 1459 quibus

296 1498 407 1537 Plato
429 1496 539 1537 facile
556 1496 694 1549 primas
711 1500 838 1546 tenet,
858 1510 967 1549 saepe
985 1495 1213 1536 lectitaverit
1227 1495 1272 1547 ²).
1302 1494 1520 1549 Principum

295 1582 416 1635 igitur
456 1581 761 1635 philosophorum
803 1580 940 1634 scripta¹
981 1581 1079 1634 legit
1119 1580 1332 1632 Lucienus,
1375 1580 1521 1621 nullius

296 1672 421 1706 tamen
466 1669 587 1705 sectae
638 1665 845 1705 doctrinam
894 1678 983 1718 prae
1027 1664 1160 1705 ceteris
1206 1665 1400 1718 amplexus
1440 1669 1520 1714 est,

296 1750 411 1790 immo
455 1752 607 1803 propter
646 1748 903 1803 philosophiae
930 1749 1112 1803 pudorem
1137 1748 1306 1790 homines
1330 1748 1521 1790 interdum

297 1835 428 1886 ignota
474 1834 761 1888 reprehendere,
805 1849 887 1888 cap.
930 1837 980 1874 69
1020 1838 1119 1874 tecte
1166 1834 1419 1887 philosophiae
1461 1834 1519 1874 in-

323 1997 588 2004 —————

345 2123 376 2159 1)
422 2120 491 2159 οὐκ
518 2118 690 2171 ᾐδέσθην
716 2122 836 2169 μόνον
867 2121 965 2170 ὑπὲρ
991 2123 1072 2168 σοῦ,
1103 2118 1207 2159 ἀλλὰ
1236 2120 1302 2158 καὶ
1335 2122 1523 2170 ἠνιάθην,

302 2183 336 2220 εἰ
370 2180 584 2226 Πλάτωνος
623 2181 689 2219 καὶ
720 2180 959 2230 Χρυσίππου
986 2182 1052 2219 καὶ
1077 2179 1380 2231 Ἀριστοτέλους
1407 2179 1525 2219 ἐκλα-

301 2244 467 2292 θόμενος
483 2272 495 2290 ,
523 2245 695 2292 κάθησαι
723 2257 759 2280 κ.
788 2256 823 2280 τ.
857 2240 897 2280 λ.

345 2316 377 2354 2)
400 2316 483 2347 Piso.
512 2325 577 2356 cap.
609 2316 639 2347 6.
672 2316 732 2347 Bis
764 2317 837 2348 Aac.
869 2325 933 2356 cap.
972 2316 1025 2347 84.
1056 2316 1104 2346 Cf.
1141 2315 1176 2347 C.
1212 2315 1249 2347 G.
1281 2314 1395 2352 Cobet,
1417 2314 1524 2346 Variae

298 2381 461 2418 lectiones,
495 2382 548 2421 qui
591 2392 622 2422 p.
657 2382 719 2412 300
742 2391 806 2421 sqq.
830 2382 994 2413 Lucinnum
1016 2390 1102 2421 saepe
1123 2380 1279 2419 antiquum
1301 2379 1416 2411 dicendi
1438 2389 1524 2411 usum

301 2455 360 2476 non
382 2445 453 2475 ntis
473 2448 639 2476 observasse
661 2446 766 2476 multi·
788 2445 900 2477 docuit.
