1843 3071
804 251 858 289 49

217 396 505 444 προσαγορεύσει
536 392 775 440 πταίσματος
803 387 1041 436 inscribitur,
1072 391 1198 426 narrat
1226 387 1432 439 Epicurum

215 490 484 528 nonnunquam
511 474 709 515 formulam
734 475 928 523 ὑγιαίνειν
958 470 1126 536 epistolis
1152 472 1429 524 praeposuisse:

215 564 281 602 καὶ
312 563 351 602 τί
380 575 439 601 σοι
467 562 555 606 τούς
585 559 774 605 παλαιούς
802 545 917 607 urai,
944 559 1044 598 ὅπου
1075 560 1140 597 καὶ
1174 557 1430 611 Ἐπίκουρος,

212 650 312 699 ἀνὴρ
344 651 450 688 πάνυ
499 646 641 698 χαίρων
686 648 740 693 τῷ
783 643 929 694 χαίρειν
969 643 1035 681 καὶ
1073 644 1144 691 τὴν
1175 642 1322 693 ἡδονὴν
1355 648 1427 695 πρὸ

214 737 402 775 ἁπάντων
441 733 666 783 αἱρούμενος
682 758 694 778 ,
736 731 779 769 ἐν
818 731 903 773 ταῖς
935 727 1252 778 σπουδαιοτέραις
1279 731 1435 770 ἐπιστο-

218 819 305 864 λαῖς
331 838 380 845 —
408 819 478 856 εἶσὶ
506 816 548 855 δὲ
576 807 693 854 αὗται
718 813 852 860 ὀλίγαι
879 831 929 838 -
956 814 1022 850 καὶ
1054 814 1097 852 ἐν
1123 806 1212 857 ταῖς
1238 816 1332 863 πρὸς
1345 817 1433 859 τούς

218 901 427 953 φιλτάτους
452 899 619 951 μάλιστα
648 899 841 948 ὑγιαίνειν
865 897 982 944 abed«.-
1007 899 1050 938 ἐν
1073 898 1174 950 οἷρχῇ
1191 903 1435 949 προστάττεις

219 985 355 1024 Fateor
397 982 569 1035 equidem
614 995 674 1021 me
716 995 792 1020 non
834 980 982 1030 videre,
1028 980 1121 1033 quid
1148 994 1194 1021 ex
1219 982 1279 1021 his
1314 982 1437 1022 verbis

217 1069 266 1110 ad
319 1068 542 1112 sententiam
585 1081 690 1106 suam
731 1065 912 1106 tuendam
956 1066 1120 1106 effecerit
1169 1067 1409 1107 Hermannus
1421 1084 1434 1115 ;

219 1154 347 1194 eodem
379 1155 464 1205 jure
494 1167 540 1192 ex
570 1153 637 1200 iis,
672 1165 768 1203 quae
804 1151 944 1191 ibidem
975 1151 1175 1191 honorifice
1207 1152 1253 1192 de
1280 1153 1439 1194 Platone

221 1240 314 1291 (cap.
344 1239 385 1289 4)
414 1241 452 1276 et
480 1236 526 1275 de
553 1236 763 1288 Pythagora
794 1236 887 1287 (cap.
920 1236 959 1286 5)
990 1234 1178 1283 dicuntur,
1194 1235 1288 1275 effici
1307 1236 1436 1277 liceret

218 1334 305 1360 eum
336 1320 384 1360 ad
411 1320 543 1359 horum
571 1318 776 1358 doctrinam
803 1317 1012 1358 inclinasse.

273 1406 523 1445 Alexandrum
564 1403 813 1463 inspiciamus.
871 1401 1010 1451 Liber,
1055 1403 1122 1454 qui
1163 1404 1374 1444 Alexander
1405 1418 1435 1445 s,
1483 1459 1487 1463 β

220 1491 501 1531 Pseudomantie
547 1489 788 1540 inscribitur,
816 1493 901 1542 post
928 1490 1049 1529 Marci
1078 1490 1263 1530 Antonini
1290 1491 1437 1532 obitum

219 1574 449 1626 conscriptus
491 1578 547 1613 est
560 1606 571 1624 ,
601 1578 646 1613 ut
674 1588 720 1613 ex
748 1588 827 1626 cap.
857 1576 910 1614 48
939 1578 1043 1627 patet
1056 1606 1069 1625 ‚
1097 1575 1164 1615 ubi
1192 1577 1292 1615 hunc
1320 1561 1436 1628 impc-

219 1663 375 1699 ratorem
418 1662 512 1701 θεὸν
552 1659 745 1708 nominat,
776 1658 877 1710 quod
919 1673 1054 1699 nomen
1098 1660 1255 1700 mortuis
1288 1660 1438 1701 demum

218 1743 502 1797 imperatoribus
528 1743 646 1783 tribui
673 1743 825 1783 solitum
853 1747 957 1784 erat:
988 1743 1090 1783 unde
1116 1743 1275 1784 efficitur
1302 1745 1437 1785 Lucia-

219 1844 311 1869 num
346 1829 625 1880 sexagenarium
664 1829 741 1868 fere
782 1829 882 1868 huuc
918 1828 1058 1869 librum
1084 1829 1281 1882 scripsisse.
1338 1831 1439 1871 Celsi

220 1915 397 1968 Epicurei
452 1918 586 1966 rogatu
631 1914 750 1954 vitam
791 1913 966 1953 describit
1006 1913 1237 1963 Alexandri,
1279 1915 1440 1956 hominis

219 2000 463 2042 versutissimi
490 2004 528 2039 et
555 1999 806 2048 fallacissimi,
837 2000 904 2051 qui
927 2001 1085 2040 oraculis
1105 2001 1258 2041 edendis
1271 2004 1438 2044 homines

219 2087 287 2127 diu
315 2086 519 2139 deceperat.
577 2085 831 2125 Alexandrum
858 2086 959 2126 hunc
986 2086 1332 2141 Epicuroejusque
1360 2103 1436 2131 sec-

219 2174 402 2213 tatoribus
427 2172 705 2212 infestissimum
733 2172 858 2220 fuisse,
887 2186 953 2225 per
968 2177 1091 2212 totum
1110 2175 1248 2214 librum
1265 2169 1441 2227 pluribus

220 2258 343 2300 verbis
368 2262 647 2300 commemorat:
679 2257 746 2310 qui
773 2262 926 2311 rogatus
953 2260 1168 2313 aliquando,
1191 2261 1284 2314 quid
1298 2263 1436 2304 faceret

220 2345 407 2397 Epicurus
437 2345 478 2383 in
504 2345 612 2393 Orco,
644 2346 859 2397 respondit:
892 2348 1152 2400 Μολυβδίνας
1185 2351 1284 2401 ἔχων
1313 2351 1437 2398 πέδας

223 2436 266 2475 ἐν
293 2437 467 2485 βορβόρῳ
506 2438 689 2484 κάθηται.
724 2434 816 2485 (cap.
846 2435 926 2485 25.)

1245 2507 1270 2545 4
