<?xml version="1.0" encoding="UTF-8"?>
<!DOCTYPE html PUBLIC "-//W3C//DTD XHTML 1.0 Transitional//EN"
    "http://www.w3.org/TR/xhtml1/DTD/xhtml1-transitional.dtd">
<html xmlns="http://www.w3.org/1999/xhtml" xml:lang="en" lang="en">
 <head>
  <title>
</title>
<meta http-equiv="Content-Type" content="text/html;charset=utf-8" />
  <meta name='ocr-system' content='tesseract 3.04.00' />
  <meta name='ocr-capabilities' content='ocr_page ocr_carea ocr_par ocr_line ocrx_word'/>
</head>
<body>
  <div class='ocr_page' id='page_1' title='image "./4771417_0061.png"; bbox 0 0 1843 3071; ppageno 0'>
   <div class='ocr_carea' id='block_1_1' title="bbox 11 0 137 109">
    <p class='ocr_par' dir='ltr' id='par_1_1' title="bbox 11 0 137 109">
     <span class='ocr_line' id='line_1_1' title="bbox 11 0 137 109; baseline 0 2962"><span class='ocrx_word' id='word_1_1' title='bbox 11 0 137 109; x_wconf 95' lang='lat' dir='ltr'><strong> </strong></span> 
     </span>
    </p>
   </div>
   <div class='ocr_carea' id='block_1_2' title="bbox 875 228 927 267">
    <p class='ocr_par' dir='ltr' id='par_1_2' title="bbox 875 228 927 267">
     <span class='ocr_line' id='line_1_2' title="bbox 875 228 927 267; baseline -0.019 0"><span class='ocrx_word' id='word_1_2' title='bbox 875 228 927 267; x_wconf 80' lang='lat'><strong>43</strong></span> 
     </span>
    </p>
   </div>
   <div class='ocr_carea' id='block_1_3' title="bbox 292 366 1516 1863">
    <p class='ocr_par' dir='ltr' id='par_1_3' title="bbox 292 366 1512 831">
     <span class='ocr_line' id='line_1_3' title="bbox 298 366 1512 421; baseline 0.003 -15"><span class='ocrx_word' id='word_1_3' title='bbox 298 368 434 420; x_wconf 63' lang='grc' dir='ltr'><strong>ἐρήμης</strong></span> <span class='ocrx_word' id='word_1_4' title='bbox 460 371 614 419; x_wconf 63' lang='grc' dir='ltr'><strong>κρατεῖν</strong></span> <span class='ocrx_word' id='word_1_5' title='bbox 667 366 765 406; x_wconf 84' lang='lat' dir='ltr'><strong>nolit</strong></span> <span class='ocrx_word' id='word_1_6' title='bbox 778 397 790 416; x_wconf 93' lang='lat'>‚</span> <span class='ocrx_word' id='word_1_7' title='bbox 842 366 946 418; x_wconf 81' lang='lat' dir='ltr'><strong>istud</strong></span> <span class='ocrx_word' id='word_1_8' title='bbox 981 366 1179 407; x_wconf 80' lang='lat' dir='ltr'><strong>eonsilium</strong></span> <span class='ocrx_word' id='word_1_9' title='bbox 1212 367 1360 419; x_wconf 78' lang='lat' dir='ltr'><strong>rejicit3</strong></span> <span class='ocrx_word' id='word_1_10' title='bbox 1390 381 1512 421; x_wconf 83' lang='lat' dir='ltr'><strong>neque</strong></span> 
     </span>
     <span class='ocr_line' id='line_1_4' title="bbox 294 450 1510 506; baseline 0.004 -17"><span class='ocrx_word' id='word_1_11' title='bbox 294 450 414 502; x_wconf 77' lang='lat' dir='ltr'><strong>magis</strong></span> <span class='ocrx_word' id='word_1_12' title='bbox 426 480 438 500; x_wconf 95' lang='lat'>‚</span> <span class='ocrx_word' id='word_1_13' title='bbox 465 464 562 501; x_wconf 82' lang='lat' dir='ltr'><strong>quae</strong></span> <span class='ocrx_word' id='word_1_14' title='bbox 592 451 731 503; x_wconf 86' lang='lat' dir='ltr'><strong>Apollo</strong></span> <span class='ocrx_word' id='word_1_15' title='bbox 763 456 803 491; x_wconf 89' lang='lat' dir='ltr'><strong>et</strong></span> <span class='ocrx_word' id='word_1_16' title='bbox 830 451 1015 491; x_wconf 75' lang='lat' dir='ltr'><strong>Hercules</strong></span> <span class='ocrx_word' id='word_1_17' title='bbox 1041 452 1217 503; x_wconf 81' lang='lat' dir='ltr'><strong>suadent,</strong></span> <span class='ocrx_word' id='word_1_18' title='bbox 1243 453 1332 493; x_wconf 82' lang='lat' dir='ltr'><strong>Jovi</strong></span> <span class='ocrx_word' id='word_1_19' title='bbox 1351 455 1510 506; x_wconf 78' lang='lat' dir='ltr'><strong>placent.</strong></span> 
     </span>
     <span class='ocr_line' id='line_1_5' title="bbox 293 533 1512 590; baseline 0.005 -17"><span class='ocrx_word' id='word_1_20' title='bbox 293 533 378 573; x_wconf 88' lang='lat' dir='ltr'><strong>Diis</strong></span> <span class='ocrx_word' id='word_1_21' title='bbox 397 534 463 575; x_wconf 38' lang='lat' dir='ltr'><strong>,ita</strong></span> <span class='ocrx_word' id='word_1_22' title='bbox 489 535 793 586; x_wconf 73' lang='lat' dir='ltr'><strong>deliberantibus,</strong></span> <span class='ocrx_word' id='word_1_23' title='bbox 812 541 967 590; x_wconf 87' lang='lat' dir='ltr'><strong>repente</strong></span> <span class='ocrx_word' id='word_1_24' title='bbox 989 538 1148 577; x_wconf 85' lang='lat' dir='ltr'><strong>Hermes</strong></span> <span class='ocrx_word' id='word_1_25' title='bbox 1162 541 1344 590; x_wconf 72' lang='grc' dir='ltr'><strong>ἀγοραῖος</strong></span> <span class='ocrx_word' id='word_1_26' title='bbox 1360 540 1512 579; x_wconf 89' lang='lat' dir='ltr'><strong>nuntiat</strong></span> 
     </span>
     <span class='ocr_line' id='line_1_6' title="bbox 292 618 1509 684; baseline 0.002 -24"><span class='ocrx_word' id='word_1_27' title='bbox 292 618 460 660; x_wconf 75' lang='lat' dir='ltr'><strong>Stoicum</strong></span> <span class='ocrx_word' id='word_1_28' title='bbox 502 624 540 661; x_wconf 87' lang='lat' dir='ltr'><strong>et</strong></span> <span class='ocrx_word' id='word_1_29' title='bbox 589 621 816 674; x_wconf 82' lang='lat' dir='ltr'><strong>Epicureum</strong></span> <span class='ocrx_word' id='word_1_30' title='bbox 858 622 935 675; x_wconf 86' lang='lat' dir='ltr'><strong>jam</strong></span> <span class='ocrx_word' id='word_1_31' title='bbox 967 636 1100 662; x_wconf 82' lang='lat' dir='ltr'><strong>manus</strong></span> <span class='ocrx_word' id='word_1_32' title='bbox 1131 623 1384 684; x_wconf 81' lang='lat' dir='ltr'><strong>conseruisse;</strong></span> <span class='ocrx_word' id='word_1_33' title='bbox 1414 624 1509 664; x_wconf 88' lang='lat' dir='ltr'><strong>deli-</strong></span> 
     </span>
     <span class='ocr_line' id='line_1_7' title="bbox 292 704 1511 763; baseline 0.004 -17"><span class='ocrx_word' id='word_1_34' title='bbox 292 704 500 747; x_wconf 71' lang='lat' dir='ltr'><strong>berationes</strong></span> <span class='ocrx_word' id='word_1_35' title='bbox 534 706 654 759; x_wconf 83' lang='lat' dir='ltr'><strong>igitur</strong></span> <span class='ocrx_word' id='word_1_36' title='bbox 691 707 821 747; x_wconf 80' lang='lat' dir='ltr'><strong>missas</strong></span> <span class='ocrx_word' id='word_1_37' title='bbox 864 707 1008 749; x_wconf 77' lang='lat' dir='ltr'><strong>faciunt</strong></span> <span class='ocrx_word' id='word_1_38' title='bbox 1021 738 1033 757; x_wconf 90' lang='lat'>,</span> <span class='ocrx_word' id='word_1_39' title='bbox 1080 712 1125 749; x_wconf 91' lang='lat' dir='ltr'><strong>ut</strong></span> <span class='ocrx_word' id='word_1_40' title='bbox 1152 723 1248 761; x_wconf 85' lang='lat' dir='ltr'><strong>quae</strong></span> <span class='ocrx_word' id='word_1_41' title='bbox 1276 711 1323 750; x_wconf 82' lang='lat' dir='ltr'><strong>ab</strong></span> <span class='ocrx_word' id='word_1_42' title='bbox 1350 714 1511 763; x_wconf 84' lang='lat' dir='ltr'><strong>utroque</strong></span> 
     </span>
     <span class='ocr_line' id='line_1_8' title="bbox 295 781 970 831; baseline 0.004 -2"><span class='ocrx_word' id='word_1_43' title='bbox 295 790 496 829; x_wconf 80' lang='lat' dir='ltr'><strong>afferantur</strong></span> <span class='ocrx_word' id='word_1_44' title='bbox 523 790 691 831; x_wconf 83' lang='lat' dir='ltr'><strong>audiant.</strong></span> <span class='ocrx_word' id='word_1_45' title='bbox 968 781 970 783; x_wconf 31' lang='lat'>¹</span> 
     </span>
    </p>

    <p class='ocr_par' dir='ltr' id='par_1_4' title="bbox 294 867 1516 1863">
     <span class='ocr_line' id='line_1_9' title="bbox 351 867 1516 929; baseline 0.005 -14"><span class='ocrx_word' id='word_1_46' title='bbox 351 875 497 915; x_wconf 79' lang='lat' dir='ltr'><strong>Stoicus</strong></span> <span class='ocrx_word' id='word_1_47' title='bbox 510 907 523 927; x_wconf 90' lang='lat'>,</span> <span class='ocrx_word' id='word_1_48' title='bbox 538 867 543 871; x_wconf 13' lang='grc' dir='ltr'>χ</span> <span class='ocrx_word' id='word_1_49' title='bbox 561 880 759 929; x_wconf 82' lang='lat' dir='ltr'><strong>postquam</strong></span> <span class='ocrx_word' id='word_1_50' title='bbox 791 877 1112 919; x_wconf 79' lang='lat' dir='ltr'><strong>circumstantium</strong></span> <span class='ocrx_word' id='word_1_51' title='bbox 1135 892 1306 920; x_wconf 79' lang='lat' dir='ltr'><strong>eoronam</strong></span> <span class='ocrx_word' id='word_1_52' title='bbox 1318 880 1361 921; x_wconf 91' lang='lat' dir='ltr'><strong>in</strong></span> <span class='ocrx_word' id='word_1_53' title='bbox 1377 881 1516 921; x_wconf 88' lang='lat' dir='ltr'><strong>Damin</strong></span> 
     </span>
     <span class='ocr_line' id='line_1_10' title="bbox 295 958 1516 1015; baseline 0.003 -16"><span class='ocrx_word' id='word_1_54' title='bbox 295 958 454 1000; x_wconf 74' lang='lat' dir='ltr'><strong>excitare</strong></span> <span class='ocrx_word' id='word_1_55' title='bbox 482 959 619 1000; x_wconf 83' lang='lat' dir='ltr'><strong>frustra</strong></span> <span class='ocrx_word' id='word_1_56' title='bbox 651 963 805 1001; x_wconf 78' lang='lat' dir='ltr'><strong>conatus</strong></span> <span class='ocrx_word' id='word_1_57' title='bbox 837 965 894 1001; x_wconf 69' lang='lat' dir='ltr'><strong>aet</strong></span> <span class='ocrx_word' id='word_1_58' title='bbox 907 992 919 1010; x_wconf 91' lang='lat'><strong><em>,</em></strong></span> <span class='ocrx_word' id='word_1_59' title='bbox 949 961 1086 1013; x_wconf 80' lang='lat' dir='ltr'><strong>quibus</strong></span> <span class='ocrx_word' id='word_1_60' title='bbox 1120 963 1351 1015; x_wconf 71' lang='lat' dir='ltr'><strong>argumentis</strong></span> <span class='ocrx_word' id='word_1_61' title='bbox 1382 963 1516 1004; x_wconf 83' lang='lat' dir='ltr'><strong>efficiat</strong></span> 
     </span>
     <span class='ocr_line' id='line_1_11' title="bbox 294 1020 1513 1096; baseline 0.002 -14"><span class='ocrx_word' id='word_1_62' title='bbox 294 1042 381 1082; x_wconf 86' lang='lat' dir='ltr'><strong>deos</strong></span> <span class='ocrx_word' id='word_1_63' title='bbox 425 1043 618 1095; x_wconf 85' lang='lat' dir='ltr'><strong>providere</strong></span> <span class='ocrx_word' id='word_1_64' title='bbox 664 1044 775 1083; x_wconf 86' lang='lat' dir='ltr'><strong>rebus</strong></span> <span class='ocrx_word' id='word_1_65' title='bbox 817 1020 990 1083; x_wconf 82' lang='lat' dir='ltr'><strong>humanis</strong></span> <span class='ocrx_word' id='word_1_66' title='bbox 1040 1045 1204 1096; x_wconf 75' lang='lat' dir='ltr'><strong>exponit.</strong></span> <span class='ocrx_word' id='word_1_67' title='bbox 1275 1045 1445 1084; x_wconf 87' lang='lat' dir='ltr'><strong>Primum</strong></span> <span class='ocrx_word' id='word_1_68' title='bbox 1491 1060 1513 1084; x_wconf 88' lang='lat' dir='ltr'><strong>e</strong></span> 
     </span>
     <span class='ocr_line' id='line_1_12' title="bbox 295 1128 1515 1181; baseline 0.001 -13"><span class='ocrx_word' id='word_1_69' title='bbox 295 1133 396 1169; x_wconf 81' lang='lat' dir='ltr'><strong>oerto</strong></span> <span class='ocrx_word' id='word_1_70' title='bbox 428 1129 570 1180; x_wconf 79' lang='lat' dir='ltr'>ordine,</span> <span class='ocrx_word' id='word_1_71' title='bbox 604 1129 687 1181; x_wconf 61' lang='lat' dir='ltr'><strong>qui&gt;</strong></span> <span class='ocrx_word' id='word_1_72' title='bbox 702 1129 745 1168; x_wconf 87' lang='lat' dir='ltr'><strong>in</strong></span> <span class='ocrx_word' id='word_1_73' title='bbox 771 1133 906 1168; x_wconf 87' lang='lat' dir='ltr'><strong>natura</strong></span> <span class='ocrx_word' id='word_1_74' title='bbox 932 1133 1089 1180; x_wconf 79' lang='lat' dir='ltr'><strong>totoque</strong></span> <span class='ocrx_word' id='word_1_75' title='bbox 1115 1128 1257 1168; x_wconf 86' lang='lat' dir='ltr'><strong>mundo</strong></span> <span class='ocrx_word' id='word_1_76' title='bbox 1289 1129 1515 1181; x_wconf 81' lang='lat' dir='ltr'><strong>agnoscitur,</strong></span> 
     </span>
     <span class='ocr_line' id='line_1_13' title="bbox 295 1213 1515 1267; baseline 0 -14"><span class='ocrx_word' id='word_1_77' title='bbox 295 1213 337 1253; x_wconf 83' lang='lat' dir='ltr'><strong>id</strong></span> <span class='ocrx_word' id='word_1_78' title='bbox 362 1227 544 1267; x_wconf 66' lang='lat' dir='ltr'><strong>apparere,</strong></span> <span class='ocrx_word' id='word_1_79' title='bbox 568 1213 675 1255; x_wconf 87' lang='lat' dir='ltr'><strong>dicit.</strong></span> <span class='ocrx_word' id='word_1_80' title='bbox 732 1213 941 1267; x_wconf 84' lang='lat' dir='ltr'><strong>Epicureus</strong></span> <span class='ocrx_word' id='word_1_81' title='bbox 971 1214 1041 1254; x_wconf 85' lang='lat' dir='ltr'><strong>hoo</strong></span> <span class='ocrx_word' id='word_1_82' title='bbox 1058 1217 1321 1266; x_wconf 80' lang='lat' dir='ltr'><strong>argumentum</strong></span> <span class='ocrx_word' id='word_1_83' title='bbox 1332 1214 1515 1267; x_wconf 86' lang='lat' dir='ltr'><strong>petitione</strong></span> 
     </span>
     <span class='ocr_line' id='line_1_14' title="bbox 294 1298 1514 1351; baseline 0.002 -14"><span class='ocrx_word' id='word_1_84' title='bbox 294 1299 471 1351; x_wconf 81' lang='lat' dir='ltr'><strong>principii</strong></span> <span class='ocrx_word' id='word_1_85' title='bbox 498 1298 665 1338; x_wconf 84' lang='lat' dir='ltr'><strong>laborare</strong></span> <span class='ocrx_word' id='word_1_86' title='bbox 691 1298 914 1351; x_wconf 86' lang='lat' dir='ltr'><strong>respondet;</strong></span> <span class='ocrx_word' id='word_1_87' title='bbox 947 1312 1033 1338; x_wconf 85' lang='lat' dir='ltr'><strong>nam</strong></span> <span class='ocrx_word' id='word_1_88' title='bbox 1047 1311 1126 1337; x_wconf 85' lang='lat' dir='ltr'><strong>esse</strong></span> <span class='ocrx_word' id='word_1_89' title='bbox 1151 1299 1193 1337; x_wconf 91' lang='lat' dir='ltr'><strong>in</strong></span> <span class='ocrx_word' id='word_1_90' title='bbox 1222 1302 1357 1338; x_wconf 73' lang='lat' dir='ltr'><strong>natura</strong></span> <span class='ocrx_word' id='word_1_91' title='bbox 1369 1303 1514 1339; x_wconf 81' lang='lat' dir='ltr'><strong>certum</strong></span> 
     </span>
     <span class='ocr_line' id='line_1_15' title="bbox 295 1382 1515 1437; baseline 0 -13"><span class='ocrx_word' id='word_1_92' title='bbox 295 1384 462 1425; x_wconf 81' lang='lat' dir='ltr'><strong>ordinem</strong></span> <span class='ocrx_word' id='word_1_93' title='bbox 493 1384 584 1424; x_wconf 85' lang='lat' dir='ltr'><strong>satis</strong></span> <span class='ocrx_word' id='word_1_94' title='bbox 603 1388 783 1433; x_wconf 78' lang='lat' dir='ltr'><strong>constare,</strong></span> <span class='ocrx_word' id='word_1_95' title='bbox 802 1397 825 1424; x_wconf 85' lang='lat' dir='ltr'><strong>a</strong></span> <span class='ocrx_word' id='word_1_96' title='bbox 837 1382 1072 1437; x_wconf 84' lang='lat' dir='ltr'><strong>providentia</strong></span> <span class='ocrx_word' id='word_1_97' title='bbox 1086 1386 1210 1423; x_wconf 78' lang='lat' dir='ltr'><strong>autem</strong></span> <span class='ocrx_word' id='word_1_98' title='bbox 1225 1382 1337 1423; x_wconf 89' lang='lat' dir='ltr'><strong>illum</strong></span> <span class='ocrx_word' id='word_1_99' title='bbox 1349 1383 1515 1424; x_wconf 80' lang='lat' dir='ltr'><strong>ordinem</strong></span> 
     </span>
     <span class='ocr_line' id='line_1_16' title="bbox 297 1468 1516 1519; baseline -0.001 -9"><span class='ocrx_word' id='word_1_100' title='bbox 297 1484 375 1510; x_wconf 87' lang='lat' dir='ltr'><strong>esse</strong></span> <span class='ocrx_word' id='word_1_101' title='bbox 415 1470 633 1510; x_wconf 86' lang='lat' dir='ltr'><strong>institutum</strong></span> <span class='ocrx_word' id='word_1_102' title='bbox 679 1469 834 1509; x_wconf 86' lang='lat' dir='ltr'><strong>minime</strong></span> <span class='ocrx_word' id='word_1_103' title='bbox 878 1469 969 1508; x_wconf 87' lang='lat' dir='ltr'><strong>inde</strong></span> <span class='ocrx_word' id='word_1_104' title='bbox 1006 1468 1113 1519; x_wconf 89' lang='lat' dir='ltr'><strong>sequi</strong></span> <span class='ocrx_word' id='word_1_105' title='bbox 1125 1484 1138 1516; x_wconf 82' lang='lat'>3</span> <span class='ocrx_word' id='word_1_106' title='bbox 1173 1482 1196 1507; x_wconf 84' lang='lat' dir='ltr'><strong>a</strong></span> <span class='ocrx_word' id='word_1_107' title='bbox 1221 1468 1378 1507; x_wconf 82' lang='lat' dir='ltr'><strong>fortuito</strong></span> <span class='ocrx_word' id='word_1_108' title='bbox 1404 1469 1516 1509; x_wconf 85' lang='lat' dir='ltr'><strong>initio</strong></span> 
     </span>
     <span class='ocr_line' id='line_1_17' title="bbox 296 1545 1514 1605; baseline -0.002 -14"><span class='ocrx_word' id='word_1_109' title='bbox 296 1555 502 1605; x_wconf 84' lang='lat' dir='ltr'><strong>potuerunt</strong></span> <span class='ocrx_word' id='word_1_110' title='bbox 537 1552 610 1591; x_wconf 85' lang='lat' dir='ltr'><strong>ista</strong></span> <span class='ocrx_word' id='word_1_111' title='bbox 652 1551 836 1602; x_wconf 79' lang='lat' dir='ltr'><strong>originem</strong></span> <span class='ocrx_word' id='word_1_112' title='bbox 866 1545 1017 1590; x_wconf 79' lang='lat' dir='ltr'><strong>duxis‘se</strong></span> <span class='ocrx_word' id='word_1_113' title='bbox 1041 1553 1080 1589; x_wconf 90' lang='lat' dir='ltr'><strong>et</strong></span> <span class='ocrx_word' id='word_1_114' title='bbox 1110 1563 1213 1589; x_wconf 86' lang='lat' dir='ltr'><strong>nunc</strong></span> <span class='ocrx_word' id='word_1_115' title='bbox 1239 1549 1281 1588; x_wconf 90' lang='lat' dir='ltr'><strong>in</strong></span> <span class='ocrx_word' id='word_1_116' title='bbox 1312 1553 1414 1589; x_wconf 88' lang='lat' dir='ltr'><strong>statu</strong></span> <span class='ocrx_word' id='word_1_117' title='bbox 1443 1550 1514 1590; x_wconf 91' lang='lat' dir='ltr'><strong>illo</strong></span> 
     </span>
     <span class='ocr_line' id='line_1_18' title="bbox 295 1633 1513 1688; baseline 0 -12"><span class='ocrx_word' id='word_1_118' title='bbox 295 1637 504 1677; x_wconf 78' lang='lat' dir='ltr'><strong>consistere.</strong></span> <span class='ocrx_word' id='word_1_119' title='bbox 534 1638 742 1676; x_wconf 83' lang='lat' dir='ltr'><strong>Attenuato</strong></span> <span class='ocrx_word' id='word_1_120' title='bbox 768 1633 839 1676; x_wconf 84' lang='lat' dir='ltr'><strong>hoo</strong></span> <span class='ocrx_word' id='word_1_121' title='bbox 864 1640 1085 1688; x_wconf 76' lang='lat' dir='ltr'><strong>argumento</strong></span> <span class='ocrx_word' id='word_1_122' title='bbox 1090 1666 1103 1685; x_wconf 94' lang='lat'>‚</span> <span class='ocrx_word' id='word_1_123' title='bbox 1128 1636 1275 1676; x_wconf 84' lang='lat' dir='ltr'><strong>Stoicus</strong></span> <span class='ocrx_word' id='word_1_124' title='bbox 1291 1638 1456 1676; x_wconf 89' lang='lat' dir='ltr'><strong>Homero</strong></span> <span class='ocrx_word' id='word_1_125' title='bbox 1473 1650 1513 1676; x_wconf 88' lang='lat' dir='ltr'><strong>se</strong></span> 
     </span>
     <span class='ocr_line' id='line_1_19' title="bbox 294 1724 1510 1777; baseline 0.001 -12"><span class='ocrx_word' id='word_1_126' title='bbox 294 1725 417 1765; x_wconf 84' lang='lat' dir='ltr'><strong>fidem-</strong></span> <span class='ocrx_word' id='word_1_127' title='bbox 430 1725 565 1776; x_wconf 81' lang='lat' dir='ltr'><strong>habere</strong></span> <span class='ocrx_word' id='word_1_128' title='bbox 593 1724 697 1775; x_wconf 84' lang='lat' dir='ltr'><strong>dicit,</strong></span> <span class='ocrx_word' id='word_1_129' title='bbox 727 1724 795 1776; x_wconf 87' lang='lat' dir='ltr'><strong>qui</strong></span> <span class='ocrx_word' id='word_1_130' title='bbox 827 1724 915 1767; x_wconf 80' lang='lat' dir='ltr'><strong>deos</strong></span> <span class='ocrx_word' id='word_1_131' title='bbox 946 1724 1141 1777; x_wconf 83' lang='lat' dir='ltr'><strong>providere</strong></span> <span class='ocrx_word' id='word_1_132' title='bbox 1154 1726 1374 1766; x_wconf 77' lang='lat' dir='ltr'><strong>mortalibus</strong></span> <span class='ocrx_word' id='word_1_133' title='bbox 1391 1725 1510 1766; x_wconf 76' lang='lat' dir='ltr'><strong>docet.</strong></span> 
     </span>
     <span class='ocr_line' id='line_1_20' title="bbox 294 1809 1513 1863; baseline 0.002 -13"><span class='ocrx_word' id='word_1_134' title='bbox 294 1809 425 1850; x_wconf 89' lang='lat' dir='ltr'><strong>Damis</strong></span> <span class='ocrx_word' id='word_1_135' title='bbox 461 1823 548 1851; x_wconf 88' lang='lat' dir='ltr'><strong>vero</strong></span> <span class='ocrx_word' id='word_1_136' title='bbox 575 1813 620 1850; x_wconf 89' lang='lat' dir='ltr'><strong>ut</strong></span> <span class='ocrx_word' id='word_1_137' title='bbox 647 1809 757 1850; x_wconf 82' lang='lat' dir='ltr'><strong>facile</strong></span> <span class='ocrx_word' id='word_1_138' title='bbox 785 1809 963 1850; x_wconf 78' lang='lat' dir='ltr'><strong>concedat</strong></span> <span class='ocrx_word' id='word_1_139' title='bbox 989 1809 1195 1849; x_wconf 88' lang='lat' dir='ltr'><strong>Homerum</strong></span> <span class='ocrx_word' id='word_1_140' title='bbox 1221 1810 1405 1863; x_wconf 90' lang='lat' dir='ltr'><strong>optimum</strong></span> <span class='ocrx_word' id='word_1_141' title='bbox 1435 1825 1513 1852; x_wconf 51' lang='lat' dir='ltr'><strong>esse</strong></span> 
     </span>
    </p>
   </div>
   <div class='ocr_carea' id='block_1_4' title="bbox 295 1893 1512 1948">
    <p class='ocr_par' dir='ltr' id='par_1_5' title="bbox 295 1893 1512 1948">
     <span class='ocr_line' id='line_1_21' title="bbox 295 1893 1512 1948; baseline 0.001 -13"><span class='ocrx_word' id='word_1_142' title='bbox 295 1893 441 1948; x_wconf 66' lang='lat' dir='ltr'><strong>poetam</strong></span> <span class='ocrx_word' id='word_1_143' title='bbox 453 1925 465 1944; x_wconf 93' lang='lat'>‚</span> <span class='ocrx_word' id='word_1_144' title='bbox 517 1895 572 1934; x_wconf 88' lang='lat' dir='ltr'><strong>ita</strong></span> <span class='ocrx_word' id='word_1_145' title='bbox 620 1899 734 1946; x_wconf 84' lang='lat' dir='ltr'><strong>negat</strong></span> <span class='ocrx_word' id='word_1_146' title='bbox 779 1898 846 1934; x_wconf 90' lang='lat' dir='ltr'><strong>aut</strong></span> <span class='ocrx_word' id='word_1_147' title='bbox 896 1894 1008 1933; x_wconf 87' lang='lat' dir='ltr'><strong>illum</strong></span> <span class='ocrx_word' id='word_1_148' title='bbox 1054 1898 1121 1933; x_wconf 85' lang='lat' dir='ltr'><strong>aut</strong></span> <span class='ocrx_word' id='word_1_149' title='bbox 1175 1894 1293 1934; x_wconf 85' lang='lat' dir='ltr'><strong>alium</strong></span> <span class='ocrx_word' id='word_1_150' title='bbox 1343 1897 1512 1946; x_wconf 83' lang='lat' dir='ltr'><strong>quemvis</strong></span> 
     </span>
    </p>
   </div>
   <div class='ocr_carea' id='block_1_5' title="bbox 293 1977 1576 2034">
    <p class='ocr_par' dir='ltr' id='par_1_6' title="bbox 293 1977 1576 2034">
     <span class='ocr_line' id='line_1_22' title="bbox 293 1977 1576 2034; baseline 0.001 -15"><span class='ocrx_word' id='word_1_151' title='bbox 293 1984 438 2034; x_wconf 71' lang='lat' dir='ltr'><strong>poetam</strong></span> <span class='ocrx_word' id='word_1_152' title='bbox 486 1978 534 2018; x_wconf 84' lang='lat' dir='ltr'><strong>de</strong></span> <span class='ocrx_word' id='word_1_153' title='bbox 577 1978 687 2018; x_wconf 88' lang='lat' dir='ltr'><strong>rebus</strong></span> <span class='ocrx_word' id='word_1_154' title='bbox 731 1977 869 2018; x_wconf 81' lang='lat' dir='ltr'><strong>divinis</strong></span> <span class='ocrx_word' id='word_1_155' title='bbox 924 1977 1101 2018; x_wconf 85' lang='lat' dir='ltr'><strong>idoneum</strong></span> <span class='ocrx_word' id='word_1_156' title='bbox 1161 1981 1294 2019; x_wconf 71' lang='lat' dir='ltr'><strong>toetem</strong></span> <span class='ocrx_word' id='word_1_157' title='bbox 1342 1979 1509 2020; x_wconf 80' lang='lat' dir='ltr'><strong>adhiberi</strong></span> <span class='ocrx_word' id='word_1_158' title='bbox 1574 2030 1576 2032; x_wconf 21' lang='grc' dir='ltr'>Ι</span> 
     </span>
    </p>
   </div>
   <div class='ocr_carea' id='block_1_6' title="bbox 291 2063 1511 2372">
    <p class='ocr_par' dir='ltr' id='par_1_7' title="bbox 291 2063 1510 2202">
     <span class='ocr_line' id='line_1_23' title="bbox 291 2063 1510 2119; baseline 0.001 -15"><span class='ocrx_word' id='word_1_159' title='bbox 291 2079 417 2119; x_wconf 82' lang='lat' dir='ltr'><strong>posse3</strong></span> <span class='ocrx_word' id='word_1_160' title='bbox 466 2063 632 2117; x_wconf 83' lang='lat' dir='ltr'><strong>jucunda</strong></span> <span class='ocrx_word' id='word_1_161' title='bbox 672 2064 772 2106; x_wconf 87' lang='lat' dir='ltr'><strong>enim</strong></span> <span class='ocrx_word' id='word_1_162' title='bbox 808 2068 847 2103; x_wconf 85' lang='lat' dir='ltr'><strong>et</strong></span> <span class='ocrx_word' id='word_1_163' title='bbox 886 2063 1012 2103; x_wconf 80' lang='lat' dir='ltr'><strong>dulcia</strong></span> <span class='ocrx_word' id='word_1_164' title='bbox 1051 2063 1150 2103; x_wconf 88' lang='lat' dir='ltr'><strong>veris</strong></span> <span class='ocrx_word' id='word_1_165' title='bbox 1189 2077 1297 2116; x_wconf 82' lang='lat' dir='ltr'><strong>saepe</strong></span> <span class='ocrx_word' id='word_1_166' title='bbox 1334 2068 1510 2118; x_wconf 81' lang='lat' dir='ltr'><strong>anteponi</strong></span> 
     </span>
     <span class='ocr_line' id='line_1_24' title="bbox 293 2148 472 2202; baseline -0.011 -12"><span class='ocrx_word' id='word_1_167' title='bbox 293 2165 315 2190; x_wconf 85' lang='lat' dir='ltr'><strong>a</strong></span> <span class='ocrx_word' id='word_1_168' title='bbox 341 2148 472 2202; x_wconf 69' lang='lat' dir='ltr'><strong>poetis.</strong></span> 
     </span>
    </p>

    <p class='ocr_par' dir='ltr' id='par_1_8' title="bbox 293 2234 1511 2372">
     <span class='ocr_line' id='line_1_25' title="bbox 340 2234 1508 2289; baseline 0.001 -13"><span class='ocrx_word' id='word_1_169' title='bbox 340 2236 409 2288; x_wconf 72' lang='lat' dir='ltr'><strong>vAd</strong></span> <span class='ocrx_word' id='word_1_170' title='bbox 446 2234 632 2288; x_wconf 77' lang='lat' dir='ltr'><strong>justitiam</strong></span> <span class='ocrx_word' id='word_1_171' title='bbox 668 2234 855 2283; x_wconf 83' lang='lat' dir='ltr'><strong>divinam,</strong></span> <span class='ocrx_word' id='word_1_172' title='bbox 885 2235 927 2275; x_wconf 90' lang='lat' dir='ltr'><strong>in</strong></span> <span class='ocrx_word' id='word_1_173' title='bbox 955 2234 1170 2289; x_wconf 85' lang='lat' dir='ltr'><strong>Euripideis</strong></span> <span class='ocrx_word' id='word_1_174' title='bbox 1198 2235 1336 2276; x_wconf 84' lang='lat' dir='ltr'><strong>fabulis</strong></span> <span class='ocrx_word' id='word_1_175' title='bbox 1367 2239 1508 2289; x_wconf 84' lang='lat' dir='ltr'><strong>specta-</strong></span> 
     </span>
     <span class='ocr_line' id='line_1_26' title="bbox 293 2318 1511 2372; baseline 0 -12"><span class='ocrx_word' id='word_1_176' title='bbox 293 2326 417 2361; x_wconf 86' lang='lat' dir='ltr'><strong>torum</strong></span> <span class='ocrx_word' id='word_1_177' title='bbox 462 2324 548 2360; x_wconf 81' lang='lat' dir='ltr'><strong>ante</strong></span> <span class='ocrx_word' id='word_1_178' title='bbox 588 2319 715 2359; x_wconf 82' lang='lat' dir='ltr'><strong>oculos</strong></span> <span class='ocrx_word' id='word_1_179' title='bbox 755 2318 934 2371; x_wconf 78' lang='lat' dir='ltr'><strong>positam,</strong></span> <span class='ocrx_word' id='word_1_180' title='bbox 965 2324 1138 2372; x_wconf 83' lang='lat' dir='ltr'><strong>provoeat</strong></span> <span class='ocrx_word' id='word_1_181' title='bbox 1165 2320 1323 2361; x_wconf 85' lang='lat' dir='ltr'><strong>Stoicus.</strong></span> <span class='ocrx_word' id='word_1_182' title='bbox 1381 2320 1511 2360; x_wconf 85' lang='lat' dir='ltr'><strong>Damis</strong></span> 
     </span>
    </p>
   </div>
   <div class='ocr_carea' id='block_1_7' title="bbox 295 2404 1508 2456">
    <p class='ocr_par' dir='ltr' id='par_1_9' title="bbox 295 2404 1508 2456">
     <span class='ocr_line' id='line_1_27' title="bbox 295 2404 1508 2456; baseline 0.002 -13"><span class='ocrx_word' id='word_1_183' title='bbox 295 2408 418 2445; x_wconf 84' lang='lat' dir='ltr'><strong>autem</strong></span> <span class='ocrx_word' id='word_1_184' title='bbox 464 2405 575 2444; x_wconf 88' lang='lat' dir='ltr'><strong>inane</strong></span> <span class='ocrx_word' id='word_1_185' title='bbox 616 2404 685 2444; x_wconf 87' lang='lat' dir='ltr'><strong>hoc</strong></span> <span class='ocrx_word' id='word_1_186' title='bbox 727 2407 987 2456; x_wconf 83' lang='lat' dir='ltr'><strong>argumentum</strong></span> <span class='ocrx_word' id='word_1_187' title='bbox 1032 2404 1087 2445; x_wconf 85' lang='lat' dir='ltr'><strong>ita</strong></span> <span class='ocrx_word' id='word_1_188' title='bbox 1127 2405 1265 2446; x_wconf 81' lang='lat' dir='ltr'><strong>refutat</strong></span> <span class='ocrx_word' id='word_1_189' title='bbox 1279 2435 1290 2453; x_wconf 92' lang='lat'><em>‚</em></span> <span class='ocrx_word' id='word_1_190' title='bbox 1319 2407 1365 2445; x_wconf 84' lang='lat' dir='ltr'><strong>ut</strong></span> <span class='ocrx_word' id='word_1_191' title='bbox 1396 2404 1508 2445; x_wconf 81' lang='lat' dir='ltr'><strong>simul</strong></span> 
     </span>
    </p>
   </div>
  </div>
 </body>
</html>
