1843 3071
934 238 985 275 52

343 380 385 419 in
413 379 601 418 neminem
634 377 851 417 mortalium
880 377 1010 417 cadere
1034 390 1138 430 posse
1167 378 1370 418 sexcenties
1397 378 1568 429 dixisset,

344 465 509 518 Epicuro
534 463 722 504 tribuisse.
777 463 809 502 E
838 462 930 502 locis
959 462 1059 502 enim
1087 475 1199 515 supra
1225 461 1389 503 laudatis
1416 463 1570 503 manife-

340 553 448 588 -stum
482 553 550 596 est,
581 548 790 587 Lucianum
821 547 963 599 ubique
991 547 1144 586 laudare
1172 547 1378 599 Epicurum
1403 549 1456 595 ὥς
1481 565 1573 590 τινα

350 636 580 686 ἀντίτεχνον
623 640 688 675 καὶ
734 636 1010 685 ἀντισοφιστὴν
1052 639 1120 685 τῆς
1162 635 1428 685 μαγγανείας,
1458 637 1572 685 atque

348 732 391 758 eo
418 719 610 772 pertinent
632 718 762 758 laudes
792 718 972 768 eximiae,
1000 718 1139 771 quibus
1165 718 1277 758 illum
1303 722 1380 758 tam
1407 718 1573 771 impense
1597 738 1599 740 ·

347 805 528 844 cumulat.
585 804 776 843 Nimirum
820 804 1011 843 Lucianus
1051 818 1095 843 eo
1134 808 1300 856 tempore
1327 817 1413 843 cum
1438 803 1569 852 Celso,

348 889 492 941 Lepido
536 889 696 940 aliisque
739 888 935 941 Epicureis
961 888 1163 928 amicitiam
1182 892 1413 928 contraxerat
1425 904 1438 938 3
1463 888 1569 928 fami-

345 974 491 1012 liariter
519 973 697 1012 utebatur
725 973 853 1011 amicis
864 1003 876 1021 ,
909 973 976 1023 qui
1005 986 1123 1023 quum
1151 972 1251 1011 idem
1281 973 1328 1011 de
1355 973 1428 1011 Dei
1441 973 1569 1024 provi·

345 1057 475 1096 dentia
527 1056 737 1096 sentiebant
751 1088 762 1106 ‚
796 1060 879 1096 tum
912 1056 1025 1096 etiam
1056 1055 1137 1109 pari
1168 1055 1253 1098 odio
1286 1056 1502 1108 impostores
1529 1060 1568 1096 et

343 1155 471 1193 magos
512 1141 857 1193 persequebantur:
893 1141 1030 1181 accidit
1059 1142 1189 1194 igitur,
1218 1142 1319 1193 quod
1344 1143 1567 1195 plerumque

342 1227 407 1274 fit,
434 1231 479 1266 ut
508 1231 660 1278 propter
678 1240 910 1266 communem
929 1227 1073 1267 hostem
1092 1231 1130 1266 et
1144 1240 1339 1267 commune
1356 1228 1566 1281 periculum

342 1310 542 1350 intestinae
568 1310 813 1350 dissensiones
841 1311 1114 1352 omitterentur.
1143 1311 1301 1352 Accedit
1316 1312 1430 1365 quod,
1448 1327 1565 1364 quum

340 1397 457 1436 ceteri
500 1397 735 1449 philosophi,
783 1398 952 1437 Platonis
966 1428 977 1447 ‚
1021 1397 1220 1451 Chrysippi
1262 1403 1301 1438 et
1331 1393 1564 1451 PJthagorae

339 1472 551 1530 sectatores,
585 1485 753 1521 tacerent
766 1512 778 1531 ,
813 1482 1029 1534 Epicureos,
1060 1459 1226 1534 qussoli
1257 1482 1405 1522 fortiter
1437 1488 1565 1523 contra

339 1567 597 1607 Alexandrum
633 1568 902 1619 pugnavissent
914 1599 926 1618 ,
976 1581 1052 1606 non
1095 1567 1260 1619 impense
1296 1568 1450 1607 laudare
1488 1581 1562 1607 non

340 1659 498 1707 poterat.
542 1655 678 1708 Itaque
705 1655 824 1707 magis
855 1659 1005 1708 propter
1033 1668 1227 1694 commune
1256 1655 1563 1707 superstitionum

338 1741 468 1781 odium
498 1746 535 1781 et
559 1744 606 1783 ob
634 1742 843 1781 naturalem
863 1740 1049 1793 quandam
1061 1740 1268 1787 voluntatis
1285 1740 1563 1781 consensionem

337 1828 494 1882 Epicuri
533 1842 754 1880 praeconem
781 1841 819 1866 se
851 1826 1042 1879 praestitit
1056 1857 1067 1874 ,
1102 1840 1215 1877 quam
1248 1825 1348 1877 quod
1378 1825 1487 1866 illius
1514 1826 1561 1866 de

334 1930 459 1956 rerum
487 1919 622 1955 natura
644 1914 861 1966 mundoque
890 1912 1041 1966 placitis
1074 1916 1169 1953 esset
1196 1911 1367 1952 addictus
1387 1913 1429 1964 ¹).

378 2062 409 2098 1)
435 2062 524 2091 Recte
535 2061 605 2090 haec
616 2059 734 2090 monuit
745 2059 893 2089 Wielund.
904 2059 926 2089 l.
937 2059 959 2090 1.
970 2058 1053 2088 ThJ.
1063 2068 1093 2097 p.
1105 2057 1156 2087 XL
1167 2071 1174 2087 :
1180 2058 1258 2093 „Um
1270 2056 1349 2086 diese
1362 2055 1559 2095 (Aberglaube

337 2139 352 2156 „
366 2118 427 2147 und
449 2117 680 2155 Schwarmerey)
706 2126 737 2146 so
759 2116 896 2147 wirksam
918 2126 955 2145 zu
978 2115 1138 2145 bestreiten
1161 2115 1216 2144 wie
1237 2114 1451 2149 Lucian‚muss
1470 2123 1559 2143 mann

334 2195 349 2210 n
363 2174 411 2204 ihr
445 2173 612 2213 gebohrner
646 2172 739 2202 Feind
761 2172 822 2202 und
844 2181 902 2202 von
924 2172 976 2202 der
997 2172 1096 2202 Natnr
1117 2171 1209 2201 selbst
1233 2170 1300 2209 (wie
1322 2169 1443 2209 Ulysses
1464 2178 1558 2209 gagen

334 2252 349 2269 ,,
365 2232 412 2261 die
446 2230 635 2269 Zaubereyen
672 2230 724 2259 der
757 2229 843 2260 Circe
856 2239 932 2271 *vom
955 2229 1090 2267 Mei-kur)
1115 2229 1172 2258 mit
1193 2228 1289 2258 ciuem
1310 2227 1396 2266 Moly
1415 2226 1559 2274 versehen

331 2306 347 2324 η
361 2290 478 2320 worden
499 2298 580 2328 seyn,
603 2288 669 2318 dass
690 2288 748 2318 alle
771 2288 835 2318 ihre
856 2288 1025 2327 magischen
1037 2287 1184 2317 Einflfisse
1195 2285 1353 2324 unkrfiftig
1363 2284 1557 2316 maehtaund

332 2369 347 2385 n
362 2358 422 2378 wer
457 2348 532 2377 diess
561 2347 622 2383 ist,
644 2346 718 2376 wird
740 2344 801 2375 sich
826 2345 972 2385 freylich,
995 2355 1078 2375 wenn
1100 2345 1163 2375 ihm
1186 2345 1233 2374 die
1255 2343 1343 2374 Wahl
1365 2343 1430 2381 frey
1452 2342 1533 2373 steht
1546 2366 1555 2380 ,

328 2404 447 2438 „lieber
468 2414 506 2433 zu
526 2403 678 2433 Democrit
699 2403 759 2432 und
781 2402 903 2442 Epicur,
924 2403 1005 2431 scine
1026 2401 1194 2431 natfirliche
1209 2400 1424 2436 Verwnndoem,
1439 2399 1552 2436 hulten,

329 2483 345 2500 ,,
358 2462 401 2492 als
434 2471 471 2491 zu
508 2461 691 2500 Pythagoras
723 2460 784 2489 und
821 2460 907 2489 Plato
920 2482 929 2495 ‚
952 2459 1039 2488 deren
1061 2458 1317 2496 Vorsteuungsart
1340 2456 1403 2487 sich
1425 2457 1482 2487 mit
1503 2457 1554 2487 der

328 2521 486 2558 „seinigen
510 2529 541 2548 so
564 2519 658 2556 wenig
680 2519 722 2548 als
745 2518 799 2547 Oel
823 2518 879 2547 mit
901 2518 966 2546 dem
989 2517 1107 2545 Wasser
1128 2515 1298 2554 vereinigen
1320 2515 1421 2546 liisstst
