1843 3071
989 239 1039 276 58

396 374 437 413 in
470 374 578 414 Gallo
606 377 645 412 et
671 372 713 411 in
744 373 887 413 Emona
913 372 1025 424 hujus
1053 372 1206 413 virtutis
1219 373 1387 426 exempla
1400 373 1618 426 aequalibus

394 457 576 498 imitanda
617 457 821 511 proposuit.
880 457 1054 510 Longum
1093 458 1190 498 foret
1223 459 1356 499 horum
1382 458 1615 512 dialogorum
1660 438 1663 441 -

395 547 615 596 argumenta
661 555 830 586 enarrare
842 558 855 592 5
897 542 998 583 illud
1038 542 1224 584 monuisse
1251 543 1341 591 satis
1366 543 1484 584 habeo
1496 576 1508 595 ‚
1536 543 1615 585 Lu-

394 629 544 670 eianum
588 629 630 669 in
665 628 787 669 tribus
826 629 887 669 his
927 628 1087 681 dialogis
1126 628 1244 669 vitam
1299 642 1500 682 pauperem
1550 629 1616 669 sed

394 716 586 755 honestam
628 714 729 754 vitae
766 713 809 753 in
849 713 1000 766 ignavia
1038 717 1077 753 et
1118 713 1265 754 deliciis
1305 717 1475 767 peractae
1501 714 1615 767 longe

394 800 659 853 anteposuisse.

451 887 506 925 At
550 898 639 924 vero
689 899 766 924 non
795 885 885 925 satis
911 884 1045 925 habuit
1076 885 1265 925 Lucianus
1290 891 1361 937 τὴν
1388 889 1620 939 αὐτάρκειαν

393 970 585 1019 laudasse3
628 983 714 1010 oum
760 969 861 1009 enim
905 969 1051 1009 videret
1093 970 1311 1023 impostores
1343 975 1381 1010 et
1408 971 1619 1012 adulatores

393 1053 539 1094 divitiis
578 1057 617 1093 et
658 1052 861 1093 honoribus
901 1051 1085 1105 gaudere,
1127 1053 1260 1106 probos
1296 1057 1424 1094 eontra
1450 1053 1619 1106 homines

393 1156 483 1196 prae
517 1140 634 1181 animi
657 1140 832 1181 libertate
858 1139 1030 1179 maximis
1060 1153 1168 1193 saepe
1198 1139 1357 1180 miseriis
1389 1131 1615 1191 conflictari,

393 1227 614 1279 indignatus
666 1223 769 1277 quod
822 1223 914 1264 mali
955 1223 995 1263 in
1041 1224 1160 1277 puppi
1200 1224 1392 1274 sederent,
1426 1224 1533 1278 probi
1574 1225 1616 1266 in

391 1309 538 1349 sentina
578 1308 704 1349 locum
749 1306 979 1357 obtinerent,
1019 1307 1118 1348 nihil
1158 1307 1279 1360 pluris
1310 1307 1398 1348 feeit
1433 1321 1546 1360 quam
1571 1283 1616 1350 ut

392 1399 629 1435 versutorum
661 1394 904 1447 impostorum
935 1393 1155 1447 detegendis
1186 1395 1346 1434 fallaciis
1380 1394 1615 1448 prohiberet,

393 1479 593 1532 quominus
611 1478 701 1519 boni
718 1480 887 1520 homines
901 1471 1335 1533 deciperentur,honesti
1353 1480 1431 1520 suis
1443 1479 1617 1533 praemiis

390 1566 698 1606 destituerentur.
728 1566 864 1618 Neque
893 1565 1121 1615 mirandum,
1151 1566 1182 1605 si
1209 1565 1368 1605 maxime
1396 1566 1438 1605 in
1455 1565 1613 1619 pseudo-

391 1651 631 1704 philosophos
687 1655 726 1690 et
795 1650 1134 1709 pseudoprophetas
1198 1654 1254 1690 est
1313 1651 1505 1700 invectus,
1548 1652 1616 1703 qui

392 1735 605 1776 venerabile
631 1749 768 1775 nomen
797 1740 835 1775 et
868 1749 1060 1788 personam
1091 1740 1336 1786 assumerent,
1363 1750 1438 1788 quo
1466 1736 1614 1777 facilius

390 1835 459 1861 sua
485 1820 579 1860 vitia
612 1825 651 1861 et
682 1820 832 1861 fraudes
863 1825 991 1873 tegere
1017 1825 1177 1874 possent.
1207 1821 1341 1861 Ethieo
1373 1821 1493 1874 igitur
1528 1835 1614 1863 oon-

392 1906 477 1945 silio
504 1905 696 1945 Lueianus
724 1905 854 1945 satiras
882 1906 1041 1958 scripsit.
1101 1906 1230 1957 Negat
1256 1905 1297 1944 id
1330 1905 1483 1957 quidem
1514 1906 1611 1945 Her-

391 1991 551 2031 mannns
566 2021 579 2040 ‚
620 1991 688 2043 qui
728 1991 961 2042 Lucianum‚
991 2005 1110 2049 quum
1135 1992 1183 2031 de
1212 1992 1376 2033 moribus
1400 1993 1614 2046 aequalium

390 2074 622 2127 corrigendis
681 2074 908 2128 desperaret,
963 2075 1224 2128 indignatione
1265 2079 1416 2116 tantum
1457 2075 1614 2120 ductum

391 2161 523 2201 satiras
565 2159 753 2215 scripsisse
798 2174 865 2214 pro
906 2165 1006 2202 certo
1053 2162 1230 2203 affirmat:
1262 2159 1292 2215 ¹)
1334 2175 1447 2215 quam
1487 2164 1612 2203 tamen

437 2387 467 2423 1)
492 2387 656 2418 Hermann.
678 2388 698 2417 1.
721 2388 742 2418 1.
764 2398 793 2426 p.
818 2388 878 2417 221
897 2401 905 2418 z
930 2387 1036 2420 „Aber
1058 2387 1109 2417 das
1129 2387 1224 2418 hiesse
1245 2388 1296 2417 das
1317 2387 1423 2416 Wesen
1446 2387 1497 2416 der
1519 2387 1616 2418 Satira

394 2460 494 2490 „ganz
531 2451 718 2489 verkennen,
754 2462 839 2483 wenn
870 2462 939 2484 man
972 2452 1021 2483 ilu-
1042 2452 1098 2483 den
1120 2452 1224 2483 Zweck
1246 2462 1283 2484 zu
1304 2452 1403 2483 lehren
1425 2452 1612 2485 zusehroiben
