1843 3071
885 208 906 249 '7

274 348 387 390 tenda
414 348 463 388 sit
491 348 591 389 idem
618 349 798 399 sentiunt,
827 352 953 388 tamen
976 347 1114 388 mirum
1132 353 1315 400 quantum
1332 349 1374 388 in
1393 349 1494 389 vitae

276 434 507 474 enarratione
543 449 566 474 a
593 448 632 474 sc
660 434 867 476 discedunt.
924 434 1061 486 Neque
1089 434 1136 488 id
1157 434 1294 475 mirum
1321 434 1496 486 cuiquam

276 519 437 570 accidet,
482 520 548 573 qui
561 551 573 569 ,
622 534 717 572 quae
758 520 799 560 in
841 520 942 561 vitae
983 525 1192 561 enarratore
1233 520 1492 573 requirantur,

274 606 515 657 reputaverit.
555 606 686 653 „Nam
711 606 896 657 primum,
924 609 969 643 ut
995 604 1185 645 verissime
1212 605 1359 645 monuit
1391 605 1490 645 Ran-

278 711 298 737 n
313 689 407 730 keus
425 691 455 742 ἱ)
466 722 478 741 ‚
519 703 637 742 quum
674 703 721 730 ex
756 688 847 742 ipsis
883 688 1043 730 Luciani
1075 688 1184 729 libris
1210 703 1298 730 vera
1325 689 1492 742 cognitio

278 772 510 820 „haurienda
546 773 617 822 sit,
657 773 724 825 qui
757 767 824 813 hos
862 786 936 813 non
975 773 1246 812 accuratissime
1287 773 1384 825 legit
1424 786 1493 812 nec

278 883 298 907 n
312 873 463 911 graecae
488 859 643 912 linguae
670 859 916 912 peritissimus
944 864 1020 909 est,
1049 863 1095 899 ut
1118 859 1231 899 verba
1255 860 1335 912 ejus
1352 859 1492 912 optime

277 970 297 995 ,Ι
306 946 498 999 intelligat
507 978 518 997 ‚
546 959 623 986 non
649 946 787 999 poterit
805 950 904 986 recte
926 946 973 986 de
991 947 1101 986 rebus
1115 947 1274 986 Luciani
1294 960 1488 1000 exponere.

275 1054 296 1079 ,Ι
311 1031 466 1071 Accedit
509 1031 610 1083 quod
641 1032 831 1071 Lucianus
863 1045 939 1071 non
976 1032 1077 1071 nude
1115 1033 1294 1084 pleraque
1336 1036 1374 1071 et
1402 1032 1490 1071 sim-

274 1141 294 1166 ,7
308 1118 459 1170 pliciter
486 1132 581 1169 quae
609 1118 656 1157 de
683 1132 721 1158 se
747 1117 887 1175 profert
915 1117 1077 1170 explicat
1091 1148 1103 1166 ,
1133 1117 1217 1166 sed,
1246 1121 1292 1156 ut
1323 1131 1403 1156 mos
1435 1121 1490 1156 est

277 1204 408 1259 „apud
425 1204 620 1258 scriptores
638 1204 826 1257 satyricos,
847 1208 945 1244 tecte
963 1204 1148 1244 nonnulla
1167 1203 1353 1256 significat
1371 1202 1490 1255 magis

274 1305 417 1343 nquam
444 1291 603 1343 aperit.¹¹
641 1291 852 1341 Postremo,
879 1304 992 1342 quam
1018 1290 1265 1329 necessarium
1292 1289 1342 1328 sit
1356 1320 1367 1338 ,
1396 1293 1441 1329 ut
1468 1303 1491 1328 a

270 1375 371 1415 vitae
404 1379 613 1416 enarratore
650 1380 689 1415 et
729 1375 886 1429 genuini
922 1375 1012 1415 libri
1040 1389 1062 1414 a
1089 1375 1226 1428 spuriis
1253 1377 1492 1415 secernantur

270 1465 309 1500 et
345 1460 482 1513 scripta
513 1465 723 1514 temporum
754 1461 884 1500 ordine
915 1461 1181 1514 disponantur,
1215 1461 1316 1500 idem
1347 1461 1491 1513 copiose

270 1546 434 1599 exponit.
473 1547 527 1586 At
552 1560 640 1586 vero
665 1560 783 1598 quum
804 1560 927 1599 neque
951 1547 998 1587 de
1023 1547 1289 1587 nonnullorum
1308 1547 1489 1588 librorum

269 1628 343 1668 fide
378 1642 501 1680 neque
536 1628 583 1668 de
610 1632 797 1682 tempore,
827 1643 903 1681 quo
936 1630 1079 1682 singuli
1113 1630 1242 1683 scripti
1270 1630 1367 1679 sint,
1399 1629 1490 1669 satis

269 1717 432 1763 constet,
467 1713 616 1753 nonnisi
657 1727 701 1753 ea
748 1727 843 1765 quae
871 1727 939 1766 pro
981 1719 1083 1754 certo
1125 1715 1296 1754 affirmari
1334 1719 1489 1768 possunt

269 1797 569 1838 commemorabo.

321 1864 510 1923 Lucienus
536 1886 647 1923 natus
677 1887 733 1923 ost
756 1884 965 1924 Samosatae
981 1885 1011 1936 ²)
1028 1900 1040 1932 3
1070 1885 1151 1937 ejus
1171 1887 1297 1924 autem
1315 1888 1487 1936 parentes

267 1966 420 2008 natione
447 1981 522 2008 non
545 1968 666 2021 Syros,
685 1968 750 2009 sed
767 1969 928 2010 Graecos
945 1969 1113 2010 homines
1129 1969 1244 2010 fuisse
1262 1969 1342 2010 veri
1361 1970 1484 2011 simile

268 2058 334 2095 est.
391 2053 488 2093 Cum
515 2053 685 2094 desiisset
716 2055 755 2093 in
780 2056 923 2095 scholas
946 2056 1153 2104 ventitare,
1174 2054 1389 2107 quindecim
1407 2055 1485 2095 fere

285 2198 551 2206 ——q

311 2286 341 2324 1)
366 2284 486 2322 Ranke,
504 2284 527 2315 1.
550 2284 571 2316 l.
592 2294 624 2324 p.
649 2285 686 2315 15
711 2293 771 2324 seq.

308 2350 339 2388 2)
364 2350 475 2390 Scytha
492 2372 501 2387 ,
521 2358 585 2390 cap.
607 2350 637 2381 9.
671 2349 896 2381 Revivisoentee
910 2371 919 2386 ,
942 2358 1005 2389 cap.
1029 2349 1080 2380 19.
1114 2348 1262 2388 Quomodo
1284 2348 1418 2380 historia
1442 2349 1486 2380 eit

265 2417 487 2454 conscribenda,
509 2426 573 2456 cap.
597 2417 648 2447 24.
671 2416 718 2447 Cf.
742 2415 896 2456 Forbiger,
920 2415 989 2446 Alte
1011 2415 1206 2455 Geographie,
1228 2415 1273 2447 th.
1287 2415 1333 2447 11.
1355 2426 1384 2455 p.
1409 2415 1486 2447 ⁶43.
